2242 3418
95 391 187 412 ,Isou

76 1290 96 1305 c.
111 1289 153 1309 ¹50
168 1284 180 1304 b

75 1660 124 1678 un„
138 1654 176 1674 206

267 193 312 229 88
803 162 1084 223 ΜΑΤΤΗΑΕΪ
1110 185 1181 220 DE
1201 182 1556 235 'GRIFFONIBUS
1812 179 2107 228 [sanda-1³90]

260 323 380 355 thaeus
411 322 454 354 de
486 319 712 357 Griffonibus,
737 316 993 351 confalonerius
1013 316 1176 359 justitiae,
1201 321 1340 360 rogatus
1363 326 1384 347 a
1410 315 1552 348 domino
1577 315 1726 348 Charolo
1751 316 1795 349 de
1817 317 2050 351 Zambecariis
2072 324 2107 351 et

262 375 392 418 Jacobo
416 374 458 406 de
482 372 696 405 Griffonibus
718 377 753 403 et
776 371 934 403 omnibus
957 369 1047 402 aliis'
1064 368 1334 413 magistratibus,
1350 368 1415 401 ivit
1441 368 1517 411 ipsa
1542 374 1644 401 nocte
1667 369 1714 404 ad
1737 369 1877 402 domum
1902 371 1987 404 dicti
2011 372 2106 404 Nan-

261 429 314 460 nis
336 433 369 460 et
393 427 481 459 dixit
504 425 569 458 sibi
592 424 685 467 quod
708 424 840 456 veniret
863 433 982 455 secure
1005 421 1050 454 ad
1074 422 1240 464 palatium
1264 427 1298 453 et
1322 422 1416 464 quod
1447 430 1517 453 non
1549 421 1686 454 timeret
1709 422 1753 454 de
1775 423 1902 466 aliquo,
1927 424 2007 467 quia
2030 425 2106 467 quis
2154 461 2160 465 ,

260 480 451 513 offenderet
481 478 607 516 Nanni‚
639 477 832 509 offenderet
856 476 931 518 ipso
964 475 1142 512 Mathae03
1167 480 1201 507 et
1227 474 1339 507 dictus
1369 474 1522 513 Nannes,
1554 475 1678 506 timens
1709 475 1834 518 expelli
1864 476 1908 509 de
1938 476 2105 516 Bononia,

259 533 321 565 ivit
343 532 387 564 ad
410 530 574 573 palatium
598 540 676 562 cum
700 529 795 561 dicto
819 528 991 560 Mathaeo.
1040 527 1110 566 Qui
1134 527 1316 559 Mathaeus
1340 527 1437 559 duxit
1461 527 1571 569 ipsum
1595 537 1710 559 secum
1733 534 1768 560 et
1791 529 1876 561 fecit
1899 529 1965 562 sibi
1980 530 2105 563 bonam
2152 530 2170 562 5

258 585 462 621 sotietatem
479 588 513 615 et
536 593 626 621 vere,
651 582 715 614 nisi
738 582 859 614 fuisset
884 581 996 613 dictus
1019 580 1210 619 Mathaeus,
1235 580 1377 612 Nannes
1400 580 1523 612 fuisset
1547 580 1643 612 dicta
1666 586 1767 613 nocte
1784 587 1936 615 mortuus
1951 584 2006 615 vel
2023 593 2106 615 con-

257 638 388 670 finatus.
436 636 505 669 Sed
526 635 708 668 Mathaeus
731 635 842 667 tenuit
865 634 995 666 dictum
1020 634 1179 666 Nannem
1196 639 1231 665 et
1247 633 1425 665 dominum
1442 633 1671 677 Gocadinum,
1695 633 1768 677 ejus
1791 641 1961 677 nepotem,
1984 636 2021 668 in
2045 647 2106 678 pa-

257 691 341 723 latio
363 696 397 722 et
420 700 605 732 numquam
627 688 780 730 permisit
804 688 896 730 ipsos
927 687 1060 719 offendi
1091 697 1155 718 nec
1188 686 1338 729 aliquem
1369 686 1475 718 alium
1507 686 1551 718 de
1584 686 1770 719 Gozadinis
1800 698 1864 720 nec
1888 689 2038 732 aliquem
2062 689 2106 722 de

257 744 358 776 domo
382 743 425 775 de
449 741 645 782 Chanitulo‚
670 741 728 784 qui
751 741 852 772 valde
876 740 1051 778 timebant,
1077 739 1160 782 quia
1183 744 1281 771 erant
1312 740 1462 781 reputati
1486 740 1588 771 valde
1611 739 1712 772 amici
1744 740 2014 784 Gocadinorum.
2060 742 2106 775 Et

255 802 337 829 tunc
361 800 544 828 tractatum
567 794 634 826 fuit
657 794 747 826 inter
769 803 829 825 eos
852 793 945 835 quod
968 791 1165 824 Bonifatius
1189 792 1233 824 de
1256 792 1453 830 Gozadinis,
1470 792 1579 824 frater
1602 792 1746 831 Nannis,
1764 793 1860 826 dedit
1883 804 1986 827 unam
2009 805 2105 827 suam
2131 795 2171 828 10

255 849 359 881 filiam
371 848 588 881 domicellam
605 846 754 889 Johanni
770 846 814 878 de
830 845 1055 884 Griffonibus,
1073 845 1146 877 filio
1163 845 1285 887 Jacobi
1303 845 1346 877 de
1363 845 1590 884 Griffonibus,
1604 851 1638 877 et
1651 845 1810 879 dominus
1826 846 1994 880 Charolus
2009 848 2107 881 dedit

256 911 357 934 unam
369 911 463 933 suam
476 900 579 932 filiam
593 899 808 932 domicellam
821 897 1054 937 Brandelixio,
1066 898 1136 930 filio
1155 898 1242 930 dicti
1259 897 1438 937 Bonifatii,
1452 908 1517 940 pro
1529 898 1620 931 bona
1632 909 1719 942 pace
1731 899 1822 933 inter
1833 910 1890 933 eos
1899 910 2106 934 conservan-

256 955 310 987 da.
345 954 477 986 Tamen
493 953 673 985 occasione
689 952 803 984 dictae
819 951 1017 984 mutationis
1034 951 1120 983 dicti
1137 956 1245 983 status
1261 952 1347 983 facti
1363 952 1505 984 fuerunt
1520 952 1628 995 aliqui
1644 953 1807 986 confinati
1823 953 1867 986 de
1878 960 1976 996 parte
1993 954 2105 987 Goza-

254 1008 412 1040 dinorum
428 1012 548 1038 contra
564 1006 774 1038 voluntatem
791 1004 876 1037 dicti
891 1004 1046 1036 Mathaei
1062 1004 1105 1036 de
1123 1004 1342 1037 Griffonibus
1367 1005 1608 1044 confalonerii,
1634 1006 1693 1048 qui
1717 1007 1922 1050 repugnavit
1938 1013 2103 1050 quantum

254 1060 374 1103 potuit.
421 1059 466 1091 Et
489 1059 672 1092 occasione
695 1058 809 1090 dictae
825 1058 988 1090 novitatis
1012 1058 1188 1090 redierunt
1212 1056 1406 1090 Bononiam
1423 1059 1521 1091 multi
1553 1059 1686 1101 expulsi
1702 1064 1736 1091 et
1752 1059 1898 1099 banniti,
1914 1060 2004 1092 inter
2019 1069 2105 1103 quos
2131 1059 2168 1092 15

253 1113 392 1145 fuerunt
408 1112 566 1145 dominus
582 1110 840 1144 Bartolomaeus
863 1110 906 1142 de
931 1110 1084 1143 Saliceto
1100 1111 1216 1155 legum
1242 1111 1374 1149 doctor,
1393 1111 1555 1144 dominus
1571 1111 1722 1154 jacobus
1738 1112 1781 1145 de
1804 1113 1967 1146 Ysolanis
1989 1113 2104 1158 legum

253 1167 384 1205 doctor,
408 1166 566 1198 dominus
587 1163 737 1207 Jacobus
762 1165 805 1197 de
829 1164 982 1197 Saliceto
1006 1164 1129 1196 doctor
1151 1164 1277 1208 legum,
1302 1174 1416 1196 comes
1438 1164 1641 1197 Leonardus
1665 1165 1708 1198 de
1731 1164 1873 1205 Panico,
1897 1166 1958 1199 filii
1973 1165 2104 1199 domini

252 1218 388 1252 Alberti
411 1218 455 1251 de
478 1218 644 1257 Galuciis,
675 1217 798 1250 Petrus
829 1217 957 1250 Nicola
988 1218 1032 1249 de
1061 1216 1271 1261 Albergatis,
1305 1217 1456 1251 Ner-inus
1487 1218 1531 1250 de
1554 1218 1709 1251 Galuciis
1732 1225 1767 1251 et
1789 1219 1888 1252 multi
1912 1219 1982 1253 alii.

342 1271 772 1305 MCCCLXXXXVIIII.
797 1270 932 1303 Eodem
956 1281 1059 1307 anno,
1084 1271 1127 1302 de
1151 1281 1266 1303 mense
1287 1270 1449 1314 januarii.
1468 1290 1509 1294 —-
1525 1271 1694 1304 Dominus
1710 1271 1918 1305 Franciscus
1935 1273 1980 1306 de
1994 1273 2103 1306 Ram-

252 1324 399 1368 ponibus
422 1325 535 1368 legum
559 1325 691 1363 doctor,
715 1323 889 1366 Johannes
906 1324 949 1355 de
972 1323 1190 1367 Arengheria
1212 1324 1411 1368 mercadus,
1435 1324 1610 1367 Johannes
1633 1325 1793 1367 Cipi-iani
1817 1326 2014 1369 mercarius,
2038 1326 2103 1359 Ni·
2126 1327 2169 1359 20

253 1378 370 1411 colaus
391 1378 435 1411 de
458 1377 647 1410 Gozadinis
670 1387 838 1419 campsor‚
871 1377 1041 1421 Georgius
1071 1376 1298 1421 Bonsignoris
1321 1377 1494 1410 lanarolus
1516 1378 1657 1410 fuerunt
1681 1378 1845 1411 confinati
1869 1389 1932 1422 per
1958 1389 2103 1411 comune

252 1430 428 1463 Bononiae
457 1436 492 1463 et
514 1430 583 1462 fuit
606 1435 798 1472 reputatum
822 1430 1008 1462 maximum
1031 1430 1170 1469 malum,
1194 1431 1342 1463 maxime
1366 1431 1449 1474 quia
1473 1431 1587 1464 dictus
1612 1431 1772 1464 dominus
1795 1431 2002 1465 Franciscus
2028 1428 2103 1466 er'at

251 1484 405 1516 infirmus
419 1490 454 1517 et
477 1484 595 1516 valens
618 1484 749 1516 doctor.

338 1537 469 1570 Eodem
492 1547 594 1576 anno,
619 1537 662 1569 de
685 1547 801 1569 mense
823 1537 1003 1570 februarii.
1028 1556 1070 1560 -—
1093 1537 1262 1570 Dominus
1286 1538 1356 1570 dux
1378 1538 1584 1577 Mediolani,
1608 1538 1774 1571 videlicet
1798 1539 1958 1572 dominus
1972 1539 2101 1583 Johan-

251 1601 310 1623 nes
323 1591 449 1623 Galeaz
460 1590 666 1623 Vicecomes
680 1590 723 1622 de
738 1590 951 1629 Mediolano,
967 1590 1037 1622 fuit
1052 1591 1167 1623 factus
1184 1591 1342 1623 dominus
1359 1591 1513 1624 civitatis
1529 1591 1685 1624 Pisarum
1701 1602 1765 1634 per
1781 1593 1957 1626 dominum
1975 1593 2102 1626 Gerar-
2124 1593 2165 1625 25

253 1644 333 1676 dum
358 1644 401 1676 de
423 1643 546 1682 Piano,
569 1643 676 1675 filium
701 1643 831 1676 domini
854 1643 976 1686 Jacobi
1000 1643 1044 1676 de
1067 1643 1175 1676 Piano
1201 1643 1261 1676 de'
1283 1644 1385 1683 Pisis,
1409 1650 1491 1677 tunc
1516 1645 1648 1677 domini
1671 1645 1824 1679 civitatis
1846 1646 2014 1679 Pisarum.

339 1697 471 1730 Eodem
494 1706 596 1735 anno,
620 1696 658 1728 in
680 1696 804 1740 vigilia
827 1696 938 1728 sancti
963 1696 1135 1740 Gregorii,
1159 1702 1313 1739 tempore
1337 1698 1459 1730 noctis.
1485 1716 1526 1720 —
1554 1698 1729 1740 Johannes
1753 1699 1796 1731 de
1819 1697 2042 1743 Bentevoglis
2067 1704 2103 1732 et

250 1750 392 1783 Nannes
415 1750 458 1782 de
481 1749 671 1782 Gozadinis
694 1759 773 1782 cum
797 1750 914 1782 multis
936 1749 1016 1782 aliis
1039 1751 1198 1783 fecerunt
1222 1756 1401 1790 armatam,
1427 1761 1533 1784 causa
1557 1752 1722 1784 veniendi
1745 1753 1791 1785 ad
1807 1752 1957 1794 plateam
1980 1758 2015 1786 et
2040 1753 2099 1785 de-

249 1803 402 1846 ponendi
425 1803 603 1836 dominum
627 1801 814 1835 Charolum
838 1808 872 1835 et
896 1802 1067 1847 brigatam
1090 1814 1186 1835 suam
1212 1804 1255 1836 de
1287 1809 1377 1836 statu
1408 1810 1443 1837 et
1473 1811 1607 1847 partem
1635 1806 1904 1845 maltraversam,
1936 1806 2103 1839 videlicet

250 1857 328 1889 illos
349 1855 603 1895 Maltraversos,
627 1856 687 1899 qui
711 1856 841 1888 reversi
864 1857 1003 1889 fuerant
1036 1857 1094 1889 die
1124 1867 1164 1898 VJ
1195 1856 1277 1900 maji
1308 1857 1464 1899 proxime
1495 1857 1621 1896 elass03
1646 1866 1680 1891 et
1712 1858 1808 1891 dicta
1831 1864 1933 1892 nocte
1956 1869 2101 1902 accepe-
2123 1860 2167 1891 30

249 1915 329 1942 runt
351 1914 485 1952 portam
508 1914 635 1942 stratae
658 1909 770 1941 sancti
792 1909 933 1948 Donati,
958 1920 1061 1942 causa
1085 1910 1332 1943 introducendi
1357 1910 1394 1942 in
1418 1909 1610 1943 Bononiam
1641 1911 1803 1943 comitem
1834 1911 2026 1955 johannem
2058 1912 2102 1945 de

249 1961 423 1995 Barbiano
445 1972 524 1994 cum
547 1962 709 2007 gentibus
732 1962 802 1994 suis
824 1972 888 2004 pro
912 1972 973 1995 suo
989 1963 1138 2010 auxilio.
1185 1963 1231 1995 Et
1255 1963 1415 1996 dominus
1440 1964 1610 1997 Charolus
1633 1970 1667 1997 et
1691 1964 1752 1997 alii
1776 1970 1954 1997 senserunt
1977 1965 2043 1997 hoc
2067 1970 2102 1998 et

250 2025 319 2047 non
343 2015 557 2048 dormierunt
579 2020 614 2047 et
637 2021 814 2048 traxerunt
837 2015 962 2048 armati
986 2016 1032 2048 ad
1055 2016 1223 2058 plateam3
1241 2022 1275 2048 et
1299 2022 1382 2049 tunc
1407 2017 1462 2049 illi
1487 2017 1531 2049 de
1555 2016 1778 2061 Bentevoglis
1802 2023 1836 2050 et
1853 2017 2044 2050 Gozadinis
2066 2028 2103 2050 se

250 2068 461 2107 rediderunt‚
493 2068 597 2101 salvis
627 2068 783 2111 personis
790 2081 799 2107 ;
828 2074 862 2101 et
892 2069 1041 2112 populus
1073 2069 1212 2103 volebat
1243 2070 1337 2113 quod
1361 2070 1578 2109 morirentur,
1601 2071 1662 2103 sed
1687 2071 1846 2103 dominus
1870 2071 2040 2104 Charolus
2067 2077 2102 2104 et

250 2120 398 2164 Jacobus
422 2121 466 2154 de
489 2121 707 2154 Griffonibus
731 2131 800 2154 non
823 2127 1009 2165 potuerunt
1032 2123 1151 2166 aliquo
1174 2123 1278 2155 modo
1301 2123 1376 2165 pati
1400 2124 1495 2166 quod
1517 2123 1586 2166 ipsi
1609 2123 1828 2163 morirentur,
1853 2125 1914 2157 sed
1943 2134 2007 2167 pro
2030 2135 2101 2157 me-
2124 2124 2166 2158 35

250 2174 330 2206 liori
346 2174 412 2216 ipsi
429 2175 586 2207 fecerunt
609 2174 745 2218 aliquos
767 2175 967 2215 confinatos,
983 2176 1166 2208 videlicet:
1183 2175 1361 2209 Andream
1378 2177 1422 2209 de
1437 2175 1660 2221 Bentevoglis
1676 2176 1801 2219 Carpo,
1819 2177 1996 2210 dominum
2011 2177 2102 2210 Ben-

250 2233 319 2259 tem
341 2227 415 2270 ejus
436 2227 544 2260 filium
567 2227 736 2267 Parixius,
760 2228 952 2271 Johannem
969 2229 1012 2262 de
1035 2228 1257 2274 Bentevoglis
1281 2230 1400 2269 Zarae,
1425 2230 1584 2262 Nannem
1609 2231 1653 2262 de
1677 2230 1867 2263 Gozadinis
1877 2231 2019 2273 Januae.

337 2279 469 2312 Eodem
491 2290 592 2313 anno.
616 2298 658 2304 -—
681 2280 765 2314 Fuit
787 2292 912 2325 magna
935 2283 1126 2315 mortalitas
1149 2283 1187 2314 in
1209 2283 1352 2316 civitate
1375 2282 1554 2316 Bononiae
1577 2289 1611 2315 et
1634 2283 1796 2316 obierunt
1819 2284 1919 2316 multi
1942 2290 1977 2317 et
1999 2285 2100 2317 multi

251 2332 333 2365 boni
356 2333 460 2372 cives,
484 2333 576 2366 inter.
598 2343 684 2376 quos
706 2333 795 2380 obiit
819 2335 979 2367 dominus
1001 2335 1151 2378 Jacobus
1176 2337 1219 2369 de
1243 2336 1472 2375 Gfiffonibus,
1491 2337 1549 2369 die
1565 2346 1602 2378 VJ
1619 2337 1832 2379 septembris,
1850 2337 2010 2370 dominus
2033 2338 2101 2371 Ca-

250 2387 343 2418 rolus
366 2386 410 2420 de
431 2386 676 2426 Zambecariia
706 2388 749 2420 de
779 2397 894 2420 mense
917 2388 1071 2421 octobris
1102 2389 1159 2422 die
1196 2388 1246 2428 17,
1269 2389 1407 2433 Oppico
1436 2390 1479 2422 de
1501 2389 1682 2429 Liazariis‚
1715 2390 1776 2434 qui
1807 2396 1906 2422 erant
1928 2390 2100 2424 fortitudo
2123 2393 2166 2424 40

250 2444 356 2471 status
378 2439 556 2482 popularis
579 2445 661 2472 tunc
685 2440 851 2484 regentis;
876 2447 911 2474 et
934 2452 1012 2474 cum
1036 2443 1177 2475 fuerunt
1200 2443 1338 2482 mortui,
1363 2448 1471 2476 status
1495 2443 1634 2476 modico
1651 2449 1806 2486 tempore
1831 2444 1979 2477 duravit.
2024 2443 2098 2476 An-

251 2492 366 2524 tonius
389 2491 577 2525 Chodecha
599 2492 688 2525 obiit
711 2493 769 2526 die
792 2503 926 2535 xxva
949 2495 1147 2528 novembris
1171 2496 1258 2528 dicti
1283 2496 1376 2529 anni.
1612 2506 1617 2511 ·

339 2544 470 2577 Eodem
492 2555 594 2584 anno,
618 2546 676 2578 die
698 2556 741 2588 11J
761 2546 861 2589 junii.
879 2566 921 2571 —
938 2547 1114 2581 Gerardus
1127 2549 1297 2592 Johannis
1322 2550 1365 2582 de
1381 2549 1578 2583 Ghisileriis
1594 2560 1658 2593 pro
1675 2551 1825 2594 quodam
1842 2556 1991 2593 tractatu
2015 2561 2098 2583 con-

219 2624 222 2627 ,
251 2603 306 2630 tra
327 2603 452 2631 statum
475 2598 544 2630 fuit
567 2599 783 2641 decapitatus
805 2599 843 2632 in
859 2601 974 2643 platea
989 2607 1024 2634 et
1040 2607 1109 2634 tres
1131 2612 1210 2634 cum
1233 2612 1274 2634 eo
1298 2603 1449 2642 fuerunt,
1474 2603 1570 2635 dicta
1594 2604 1637 2636 de
1660 2613 1774 2642 causa,
1790 2603 1944 2646 suspensi
1959 2613 2022 2646 per
2035 2614 2099 2648 gu-

251 2651 320 2683 lam
335 2650 373 2683 in
387 2651 511 2693 platea,
527 2652 710 2685 videlicet:
734 2652 857 2686 Petrus
878 2653 1022 2687 Rubeus
1045 2654 1213 2694 becarius,
1238 2654 1416 2689 Baldonus
1440 2657 1483 2689 de
1506 2657 1694 2700 Captaneis
1718 2657 1762 2689 de
1785 2657 1931 2701 Ticano,
1955 2656 2097 2690 Marcus
2120 2656 2162 2690 45

254 2703 297 2736 de
319 2701 493 2736 Boschitis
516 2704 560 2736 de
581 2705 730 2739 Mutina.

342 2756 473 2789 Eodem
487 2756 917 2800 M.CCCLXXXXV1111,
934 2761 978 2794 de
994 2756 1109 2795 mens'e
1124 2762 1272 2807 augusti.
1291 2781 1332 2786 -—
1347 2763 1517 2796 Dominus
1542 2774 1656 2796 comes
1670 2763 1847 2807 Johannes
1863 2763 1907 2796 de
1922 2761 2097 2797 Barbiano

342 2889 422 2915 22-23
439 2885 467 2909 et
478 2884 575 2911 fult...
585 2903 591 2910 .
606 2885 716 2919 doctor]
736 2895 805 2919 agg.
823 2886 873 2919 pir}
886 2888 964 2914 tardi
976 2902 1009 2907 -
1021 2895 1053 2914 2²
1067 2889 1212 2915 FrscIscus
1224 2891 1281 2917 cod.
1299 2904 1332 2908 —
1352 2898 1387 2923 40
1405 2891 1450 2916 die
1467 2890 1510 2924 17]
1530 2899 1597 2925 agg.
1612 2892 1762 2924 posteriore
1773 2905 1805 2909 -—
1818 2891 1898 2924 38-42
1918 2892 2022 2926 Quarta
2040 2893 2108 2917 noti-

251 2925 293 2950 zia
323 2926 425 2952 erovasi
439 2927 611 2961 nell’autogr.
630 2936 648 2953 a
660 2929 804 2961 pag-’150
817 2930 833 2954 b

2219 0 2227 61 ζ

2222 87 2225 104 1

2224 105 2225 114 η

2222 115 2225 179 i

2219 180 2222 191 s

2217 192 2219 207 t
