2242 3418
88 1310 135 1329 un„
152 1303 188 1324 211

88 1417 108 1431 c.
123 1414 193 1435 ¹57⁹

89 2373 108 2389 c.
123 2371 166 2392 157
180 2367 192 2387 1¹

276 208 322 246 92
811 200 1096 241 MATTHAEI
1124 200 1196 238 DE
1225 198 1576 238 GRIFFONIBUS
1828 203 1912 239 [ΛΑ.
1932 205 2114 240 1402-1403]

270 342 395 380 Plebis,
420 350 507 384 quae
530 344 642 371 castra
666 337 739 379 ipse
763 337 903 368 Nannes
926 335 1074 368 tenebat.
1121 333 1166 365 Et
1196 338 1278 365 tunc
1310 332 1384 375 ipse
1416 331 1556 364 Nannes
1587 332 1813 364 concordavit
1836 343 1871 364 se
1895 343 1972 365 cum
1997 339 2115 366 sancta

269 394 426 427 Ecclesia
449 399 482 425 et
506 403 583 424 cum
607 389 827 427 Florentinis,
846 399 923 421 cum
947 387 1146 420 marchione
1170 385 1350 418 Ferrariae
1365 390 1400 418 et
1422 395 1501 417 cum
1525 384 1666 417 domino
1681 383 1821 417 Paduae
1841 386 1884 418 de
1906 386 2114 428 accipiendo

269 447 458 479 Bononiam
484 445 578 477 dicto
603 443 743 475 domino
769 443 861 475 duci.

357 497 590 531 M.CCCCIII.
615 496 748 529 Eodem
771 505 872 533 anno,
904 494 962 527 die
993 494 1093 526 lunae
1121 492 1274 525 Pascatis
1305 491 1546 524 resurectionis
1571 488 1648 532 va‘
1659 491 1785 522 mensis
1812 491 1946 534 aprelis.
1971 511 2012 515 —
2045 493 2114 525 Lo-

269 558 466 585 cumtenens
500 549 631 583 domini
667 549 766 581 ducis
798 547 991 580 Mediolani
1023 547 1059 578 in
1090 546 1247 578 Bononia
1281 545 1404 577 videns
1438 544 1532 587 quod
1568 544 1626 576 ille
1651 544 1811 576 dominus
1835 554 1902 577 non
1926 551 1999 577 erat
2024 546 2112 578 dile·
2159 545 2177 577 5

269 611 343 637 ctus
366 615 386 636 a
408 604 536 646 populo
566 608 600 635 et
631 602 725 645 quod
755 611 872 633 omnes
902 605 999 631 erant
1031 599 1074 631 de
1104 608 1165 630 suo
1198 597 1352 630 dominio
1376 597 1464 629 male
1496 596 1662 635 contenti,
1686 597 1842 639 exceptis
1864 597 2113 637 Maltraversis‚

268 657 421 699 incoepit
453 656 573 688 timere
604 656 647 687 de
678 660 768 686 statu
791 654 899 696 ipsius
927 653 1068 685 domini.
1115 651 1160 683 Et
1191 661 1270 683 cum
1301 650 1448 683 consilio
1479 650 1674 693 aliquorum
1705 649 1833 682 civium
1865 650 1970 692 (Deus
1993 657 2115 693 parcat

268 711 329 752 eis)
352 710 438 742 fecit
462 709 702 750 infrascriptos
726 713 873 750 quatuor
895 706 1094 744 confinatos‚
1120 703 1255 748 quibus,
1273 704 1331 736 die
1348 713 1411 744 XVJ
1427 703 1558 745 aprilis,
1576 713 1664 746 quae
1688 702 1756 735 fuit
1781 703 1854 735 dies
1870 704 1971 736 lunae
1987 704 2114 736 Pasca-

268 763 322 802 tis‚
347 762 524 805 praecepit
560 761 653 803 quod
683 759 746 792 sub
776 769 887 801 poena
919 758 1045 800 capitis
1075 757 1136 789 illa
1168 757 1226 789 die
1258 756 1423 789 deberent
1453 756 1548 788 exire
1579 755 1791 788 territorium
1822 756 1999 789 Bononiae
2021 763 2057 789 et
2079 767 2115 789 se

267 821 484 858 praesentare
500 814 570 846 filio
588 812 719 846 domini
737 812 836 844 ducis
851 810 1055 848 Mediolani,
1080 810 1162 853 quia
1185 820 1247 852 per
1262 810 1328 841 Dei
1352 809 1499 853 gratiam
1524 808 1683 841 dominus
1703 809 1773 841 dux
1788 814 1862 842 erat
1875 809 1944 852 jam
1961 816 2115 842 mortuus
2142 809 2180 841 10

267 874 301 900 et
328 868 502 900 modicum
535 867 718 898 duraverat
752 865 788 896 in
825 864 989 896 dominio.
1035 863 1193 902 Quorum
1228 863 1478 894 confinatorum
1515 861 1654 894 noniina
1688 867 1767 894 sunt
1801 862 1899 902 haec,
1930 862 2112 895 videlicet:

267 921 434 954 Dominus
463 919 637 963 Johannes
661 919 703 950 de
734 917 897 951 Canitulo
922 917 1035 960 legum
1060 917 1192 954 doctor,
1216 915 1384 948 Nicolaus
1407 915 1451 947 de
1481 914 1718 947 Zambecariis
1740 925 1908 958 campsor,
1931 915 2115 948 Mathaeus

269 973 435 1007 Guiducii
468 973 510 1005 de
542 971 760 1005 Griffonibus
783 976 817 1003 et
848 970 1023 1014 Johannes
1046 968 1219 1001 Ludovici
1252 969 1295 1000 de
1325 967 1573 1012 Monterincoli
1605 974 1820 1010 procurator.
1867 968 1912 1001 Et
1936 968 2031 1001 dicta
2055 968 2113 1001 die

267 1025 437 1069 praedicti
467 1031 545 1064 tres,
575 1025 740 1057 videlicet
761 1024 946 1067 Johannes,
977 1023 1144 1055 Nicolaus
1174 1027 1208 1053 et
1239 1022 1431 1061 Matthaeus,
1463 1021 1601 1053 iverunt
1631 1022 1690 1060 ad,
1709 1021 1859 1053 confinia
1867 1034 1877 1060 ς
1908 1022 1969 1054 sed
2001 1021 2115 1054 dictus

265 1079 439 1123 Johannes
460 1077 635 1111 Ludovici
658 1077 744 1110 fecit
767 1087 803 1109 se
827 1076 998 1108 infirmum
1030 1085 1133 1107 causa
1156 1075 1313 1107 evitandi
1343 1075 1517 1113 andatam,
1550 1074 1611 1106 sed
1634 1074 1745 1106 nichil
1769 1074 1902 1117 profuit
1925 1074 2003 1114 sibi,
2028 1074 2112 1118 quia
2139 1073 2176 1106 15

265 1138 384 1175 postea
406 1142 469 1174 per
491 1141 516 1163 x
540 1131 614 1163 dies
637 1130 711 1173 ipse
734 1135 870 1162 secutus
893 1129 963 1161 fuit
986 1128 1101 1161 sotios.
1147 1128 1192 1160 Et
1215 1128 1265 1159 sic
1290 1133 1457 1160 steterunt
1480 1128 1526 1159 ad
1550 1127 1711 1167 confinia,
1737 1128 1847 1160 donec
1876 1127 2034 1160 Ecclesia
2058 1137 2112 1160 ro-

266 1196 367 1217 mana
397 1184 519 1217 habuit
550 1183 740 1217 dominium
771 1182 926 1215 civitatis
955 1181 1133 1214 Bononiae
1164 1187 1198 1214 et
1226 1181 1341 1213 dictus
1371 1180 1554 1213 Mathaeus
1586 1180 1685 1213 duxit
1716 1190 1831 1213 secum
1861 1179 2012 1220 Andaio,
2042 1180 2115 1224 ejus

265 1239 383 1272 filium.
429 1238 553 1270 Postea
576 1247 658 1269 vero
681 1247 744 1279 per
766 1235 914 1278 spatium
938 1235 1132 1278 aliquorum
1149 1235 1284 1267 dierum
1307 1234 1485 1276 praefatus
1501 1234 1737 1266 locumtenens
1753 1234 1847 1266 misit
1870 1234 2114 1277 infrascriptos

266 1293 360 1325 cives
383 1292 429 1324 ad
452 1290 601 1324 confinia
623 1289 872 1328 Mediolanum,
896 1288 1078 1321 videlicet:
1104 1287 1281 1320 dominum
1312 1286 1480 1319 Batistam
1506 1287 1548 1319 de
1572 1285 1765 1331 Balduynis
1787 1292 1822 1319 et
1843 1286 2046 1331 Johannem'
2070 1287 2114 1320 de

267 1344 495 1384 Griffonibus‚
512 1344 572 1387 qui
587 1343 699 1382 ambo,
724 1353 802 1375 cum
819 1342 959 1374 fuerunt
974 1341 1143 1380 Mutinae,
1161 1342 1343 1373 noluerunt
1360 1340 1411 1372 ire
1426 1340 1587 1378 ulterius;
1605 1346 1638 1372 et
1656 1341 1751 1373 dicta
1769 1341 1812 1373 de
1828 1351 1932 1373 causa
1947 1339 2113 1373 Albertus
2136 1341 2179 1372 20

269 1399 312 1431 de
329 1396 547 1431 Griffonibus
562 1396 631 1429 fuit
648 1401 860 1433 carceratus;
884 1394 933 1427 et'
958 1395 1054 1427 dicta
1078 1395 1121 1426 de
1137 1404 1251 1433 causa,
1276 1394 1358 1437 quia
1381 1394 1523 1426 fuerunt
1546 1393 1795 1433 inobedientes,
1819 1395 1960 1436 fuerunt
1976 1393 2113 1426 banniti

266 1462 331 1495 pro
353 1450 539 1484 rebellibus
561 1449 649 1482 dicti
673 1448 832 1482 dominus
854 1448 987 1480 Batista
1010 1453 1044 1479 et
1059 1448 1234 1491 Johannes
1258 1447 1301 1479 de
1318 1446 1546 1479 Griffonibus.
1571 1447 1695 1479 Postea
1718 1457 1781 1489 per
1802 1447 1938 1490 aliquos
1962 1446 2037 1479 dies
2059 1447 2114 1478 in-

267 1504 445 1547 frascripti
460 1503 522 1536 alii
539 1503 608 1536 duo
624 1503 765 1534 fuerunt
787 1500 952 1534 confinati
974 1500 1092 1544 Regii,
1116 1500 1299 1532 videlicet:
1325 1500 1484 1532 dominus
1506 1499 1679 1532 Zordinus
1703 1500 1747 1532 de
1769 1498 1935 1532 Blanchis
1957 1500 2057 1532 miles
2078 1505 2114 1532 et

269 1557 427 1590 dominus
442 1557 657 1589 Hostexanus
672 1554 831 1599 Laygoni
848 1553 1036 1586 Hostexani
1060 1559 1264 1596 procurator
1287 1558 1322 1585 et
1345 1562 1408 1594 va
1431 1553 1493 1585 alii
1517 1553 1667 1586 artifices
1682 1554 1823 1586 fuerunt
1838 1553 1934 1586 missi
1958 1553 2005 1586 ad
2029 1563 2112 1586 con—

268 1610 351 1643 finia
372 1609 620 1642 Mediolanum.
2135 1604 2178 1638 25

355 1663 487 1696 Eodem
498 1672 600 1702 anno,
612 1661 836 1701 MCCCCIII,
851 1661 908 1694 die
919 1660 1110 1704 penultimo
1125 1660 1273 1704 augusti.
1287 1679 1328 1683 —-
1341 1659 1509 1692 Dominus
1519 1660 1695 1704 Johannes
1707 1661 1750 1693 de
1763 1660 1937 1700 Canitulo,
1954 1659 2114 1693 dominus

267 1716 438 1750 Zordinus
469 1716 513 1748 de
543 1714 718 1754 Blanchis,
742 1715 908 1747 Nicolaus
932 1715 975 1747 de
998 1714 1244 1753 Zambecariis,
1267 1713 1450 1746 Mathaeus
1481 1714 1671 1754 Griffonus,
1700 1714 1860 1747 dominus
1883 1714 2111 1752 Hostexanus,

267 1770 441 1813 Johannes
463 1768 648 1807 Ludovici,
671 1768 846 1811 Johannes
869 1768 912 1800 de
937 1766 1155 1799 Griffonibus
1170 1772 1204 1799 et
1220 1777 1337 1798 omnes
1352 1767 1414 1799 alii
1431 1767 1595 1799 confinati
1619 1767 1808 1806 redierunt,
1833 1767 1916 1810 quia
1932 1768 2028 1799 facta
2043 1766 2113 1799 fuit

267 1822 455 1856 concordia
470 1832 533 1864 per
549 1821 725 1854 dominum
749 1820 960 1853 cardinalem
977 1831 1056 1852 cum
1074 1817 1215 1852 domino
1232 1820 1320 1852 duce
1335 1819 1539 1859 Mediolani,
1565 1821 1660 1863 quod
1676 1820 1805 1853 dabant
1829 1820 1896 1852 sibi
1919 1819 2113 1852 Bononiam
2167 1855 2169 1858 ,

267 1882 302 1909 et
325 1886 441 1908 omnes
463 1874 596 1917 expulsi
619 1874 783 1906 redirent.
828 1873 1015 1917 Postquam
1038 1873 1281 1912 incontinenti,
1298 1873 1463 1905 videlicet
1479 1873 1536 1905 die
1553 1874 1704 1905 secundo
1727 1873 1940 1916 septembris,
1964 1873 2113 1916 populus
2136 1873 2179 1904 30

267 1928 487 1962 bononiensis
509 1938 588 1960 cum
611 1927 682 1960 illis
705 1926 895 1966 confinatis,
913 1926 1087 1970 quierant
1103 1925 1242 1966 reversi,
1259 1926 1461 1958 levaverunt
1484 1936 1655 1958 rumorem
1678 1926 1716 1958 in
1739 1927 1855 1969 platea
1877 1932 1911 1958 et
1934 1927 2113 1970 fregerunt

267 1989 385 2022 rostas,
408 1991 496 2025 quae
518 1986 616 2013 erant
638 1980 771 2013 circum
794 1980 954 2022 plateam,
978 1989 1063 2023 quas
1090 1980 1246 2011 fecerant
1276 1979 1329 2011 illi
1359 1979 1637 2011 Mediolanenses
1659 1989 1723 2022 pro
1747 1990 1807 2011 sua
1830 1979 2048 2019 fortitudine,
2079 1984 2114 2011 et

267 2036 471 2078 expulerunt
505 2034 750 2073 Cermisonem,
782 2033 1001 2075 capitaneum
1031 2036 1083 2074 vJ⁰
1113 2033 1331 2072 famulorum,
1364 2033 1407 2065 de
1437 2033 1552 2075 platea
1585 2038 1620 2065 et
1650 2034 1799 2075 populus
1828 2033 1944 2075 acepit
1977 2037 2113 2075 portam

267 2094 392 2121 stratae
414 2088 525 2120 sancti
547 2087 676 2120 Vitalis
697 2097 760 2129 per
781 2087 863 2119 vim.
910 2086 980 2119 Sed
1006 2085 1158 2128 Facinus
1187 2084 1293 2118 Canis
1320 2096 1398 2118 cum
1422 2086 1660 2128 stipendiariis
1682 2085 1857 2129 equitibus
1881 2085 2014 2118 domini
2036 2085 2113 2117 Me-

267 2142 476 2175 diolanensis
499 2140 716 2183 recuperavit
733 2140 863 2172 dictam
886 2145 1021 2182 portam
1037 2144 1071 2171 et
1086 2145 1206 2181 postea
1222 2139 1265 2171 de
1282 2149 1372 2172 novo
1395 2139 1543 2181 populus
1566 2139 1682 2182 acepit
1697 2139 1807 2182 ipsam
1823 2144 1958 2181 portam
1973 2144 2009 2171 et
2024 2138 2112 2171 dicti
2135 2137 2177 2170 35

266 2195 484 2239 stipendiarii
508 2194 607 2227 ducis
629 2205 708 2227 cum
731 2193 864 2235 Facino
887 2194 982 2227 Cane
1006 2193 1210 2235 inceperunt
1232 2194 1354 2225 ardere
1379 2194 1497 2225 domos
1528 2193 1565 2224 in
1596 2192 1885 2237 Brocaglindosso
1908 2198 1942 2225 et
1970 2192 2112 2224 interfe-

267 2254 388 2281 cerunt
411 2248 546 2291 aliquos
569 2247 733 2280 homines.
779 2247 881 2279 Tunc
905 2252 997 2279 totus
1019 2247 1168 2289 populus
1191 2256 1227 2278 se
1249 2246 1396 2279 armavit
1427 2252 1462 2278 et
1492 2252 1730 2279 arostaverunt
1757 2247 1859 2278 valde
1887 2246 1975 2278 bene
2006 2251 2113 2278 totam

268 2303 444 2335 civitatem
467 2300 644 2333 Bononiae
667 2306 702 2333 et
724 2300 861 2333 iverunt
884 2299 1017 2332 circum
1040 2300 1135 2333 circa
1158 2301 1307 2343 plateam
1332 2300 1603 2344 scaramucando
1627 2310 1705 2332 cum
1722 2299 1855 2332 Facino
1880 2299 1974 2332 Cane
1981 2311 1991 2337 ;
2007 2304 2041 2331 et
2057 2309 2113 2331 su-

267 2353 440 2398 pervenit'
463 2365 587 2398 magna
610 2353 795 2386 multitudo
818 2353 940 2395 populi
964 2354 1134 2386 cridando
1158 2355 1228 2386 alta
1244 2364 1346 2386 voce:
1364 2372 1405 2376 -
1422 2353 1515 2386 Viva
1530 2354 1564 2385 la
1582 2353 1730 2386 Ghiexia
1745 2363 1764 2384 e
1780 2364 1877 2385 mora
1893 2353 1917 2384 li
1934 2351 2111 2386 tradituri!

267 2419 288 2441 a
311 2409 345 2441 la
367 2407 494 2441 morte!
518 2418 539 2439 a
561 2407 595 2439 la
617 2406 744 2440 morte!
768 2425 810 2430 —
834 2406 880 2439 Et
911 2406 1025 2439 dictus
1056 2406 1208 2439 Facinus
1230 2407 1368 2451 aufugit
1394 2417 1458 2449 per
1478 2412 1613 2449 portam
1644 2406 1779 2439 Novam
1803 2411 1838 2438 et
1859 2416 1923 2449 per
1946 2405 2111 2438 Sanctum
2135 2406 2177 2438 40

268 2461 432 2500 Felicem,
456 2461 538 2504 quia
561 2460 597 2492 in
621 2466 779 2493 contrata
800 2459 912 2492 sancti
934 2458 1065 2493 Felicis
1088 2470 1156 2492 non
1180 2466 1366 2503 potuerunt
1388 2461 1462 2492 fieri
1486 2466 1598 2492 rostae
1620 2466 1764 2502 propter
1784 2465 1904 2504 gentes
1929 2469 2111 2498 armorum,

268 2525 356 2559 quae
378 2514 581 2547 habitabant
603 2514 641 2546 in
663 2513 740 2556 ipsa
763 2519 929 2546 contrata.
975 2513 1021 2546 Et
1045 2513 1161 2546 dictus
1183 2513 1335 2546 Facinus
1358 2514 1507 2546 firmavit
1529 2524 1564 2546 se
1588 2511 1625 2545 in
1650 2514 1779 2546 Sancto
1802 2513 1921 2545 Felice
1928 2526 1937 2552 ;
1959 2519 1994 2545 et
2017 2513 2112 2545 ince-

267 2573 391 2611 perunt
414 2568 535 2600 ardere
558 2573 592 2600 et
614 2567 736 2600 robare
760 2567 855 2599 illam
878 2572 1086 2606 contratam3
1103 2572 1138 2599 et
1153 2577 1250 2600 arsae
1266 2568 1406 2600 fuerunt
1429 2568 1520 2599 ultra
1536 2577 1601 2600 ccc
1618 2568 1739 2600 domus
1761 2572 1795 2599 et
1819 2577 1936 2599 omnes
1958 2566 2113 2599 robarias

267 2626 490 2663 portaverunt
505 2620 542 2652 in
558 2620 730 2654 citadella.
769 2620 903 2660 Postea,
919 2620 1029 2653 tercia
1051 2621 1135 2654 hora
1159 2621 1282 2660 noctis,
1305 2627 1518 2654 recesserunt
1541 2630 1659 2653 omnes
1682 2631 1760 2653 cum
1783 2619 1972 2652 concordia
1995 2620 2039 2652 de
2061 2619 2113 2651 ci-

268 2673 395 2705 tadella
417 2679 451 2706 et
474 2673 611 2706 iverunt
633 2684 711 2706 cum
735 2684 795 2706 sua
818 2674 909 2706 mala
932 2674 1016 2706 hora
1039 2674 1076 2706 in
1099 2674 1355 2707 Lombardiam.
1402 2675 1468 2706 Die
1484 2680 1598 2706 autem
1622 2673 1790 2718 sequenti,
1813 2673 1979 2706 videlicet
2002 2672 2111 2706 tercia
2135 2671 2176 2705 45

268 2725 479 2769 septembris,
503 2726 540 2758 in
564 2726 701 2759 nomine
723 2727 864 2759 Domini
888 2727 996 2760 nostri
1017 2727 1124 2771 jhesu
1141 2726 1283 2767 Christi,
1300 2727 1603 2760 reverendissimus
1625 2734 1725 2770 pater
1746 2733 1780 2760 et
1804 2726 1962 2759 dominus
1985 2731 2110 2766 noster,

357 2853 374 2878 4
391 2846 434 2871 La
452 2850 575 2879 seguente
593 2848 691 2872 notim’a
711 2854 759 2872 era
771 2850 845 2872 stata
863 2847 956 2872 serilla
970 2851 1023 2879 per
1036 2855 1128 2873 errore
1140 2848 1167 2873 in
1177 2849 1234 2882 fine
1246 2848 1323 2874 all’a.
1337 2849 1503 2880 precedente,
1518 2858 1560 2874 ma
1569 2849 1619 2880 pon*
1627 2849 1666 2882 su
1684 2849 1831 2873 cancellata
1844 2845 2015 2880 nell’autdgr.
2039 2847 2065 2872 A
2077 2856 2111 2872 nn

268 2891 337 2912 certo
350 2891 432 2919 punto
449 2888 470 2912 I'
476 2898 501 2914 a.
519 2890 545 2913 si
561 2897 673 2922 accorge
692 2890 794 2914 d'aver
810 2890 944 2922 sbagliato
967 2898 982 2913 e
999 2890 1098 2916 scrive:
1121 2890 1179 2915 Ista
1196 2892 1277 2923 posta
1296 2892 1338 2916 est
1356 2891 1400 2915 hic
1418 2898 1469 2923 per
1487 2898 1602 2922 erorem‚
1622 2892 1688 2924 quia
1707 2891 1788 2916 debet
1805 2891 1891 2916 scribi
1909 2890 1940 2915 ln
1959 2898 2034 2915 anno
2053 2891 2111 2915 Do-

270 2931 340 2954 mini
356 2930 527 2956 Mccccm
539 2931 583 2956 die
601 2938 652 2963 va
670 2932 772 2964 aprelis
789 2933 821 2956 ut
833 2932 942 2957 videbis
960 2933 990 2956 ln
1009 2933 1136 2966 sequenti
1149 2934 1256 2966 pagina
1269 2947 1300 2951 -
1315 2939 1348 2965 23
1363 2933 1504 2966 videlicet]
1518 2942 1599 2966 segue
1617 2934 1720 2959 d'altra
1738 2941 1828 2959 mano:
1841 2933 1960 2958 Iohanes
1973 2934 2111 2958 Marmo—

269 2973 314 2998 tus
328 2986 360 2990 —
373 2979 452 3006 42-43
471 2973 644 3007 inceperunt]
663 2978 771 3006 autogr.
791 2975 986 3007 incepererunt
