2242 3418
3 3029 4 3032 „
0 2680 15 3020 ’ψΝφηή-τνωτφτψτπῃᾟ-κυ
10 2634 14 2641 ¹)
13 2614 17 2625 -

159 145 211 181 [A.
233 145 318 180 137⁶]
735 136 1055 176 MEMORIALE
1083 135 1406 175 HISTORICUM
1950 137 1996 177 73

152 274 261 316 ipsam
283 274 435 306 totaliter
457 273 665 306 robaverunt
687 279 722 305 et
745 281 862 305 omnes
885 273 978 305 cives
1001 271 1159 304 omnibus
1181 271 1281 304 bonis
1303 272 1547 314 spoliaverunt,
1572 271 1628 304 die
1651 281 1731 312 xer
1754 271 1839 304 dicti
1861 272 1998 311 mensis,

153 331 188 359 et
210 325 305 358 cives
327 326 522 358 faventinos
544 330 642 358 extra
663 326 772 368 ipsam
795 324 971 358 civitatem
1002 324 1189 357 crudeliter
1218 324 1434 367 expulerunt,
1457 324 1556 357 bonis
1586 324 1743 357 omnibus
1774 324 1937 366 spoliatos
1967 330 2003 357 et

152 379 261 421 ipsam
285 378 460 411 civitatem
483 388 546 421 pro
569 389 605 411 se
627 378 712 421 ipsis
734 378 949 410 retinuerunt
973 378 1016 410 de
1038 377 1216 410 voluntate
1238 377 1382 409 rectoris
1404 377 1658 410 Romandiolae
1680 387 1744 419 pro
1767 377 1935 410 Ecclesia.

241 430 374 464 Eodem
389 436 552 474 tempore.
566 450 608 454 —
619 431 724 464 Multi
739 430 956 473 stipendiarii
971 430 1066 472 capti
1077 435 1111 462 et
1124 429 1281 463 derobati
1297 429 1437 462 fuerunt
1452 430 1489 462 in
1505 430 1671 469 Bononia,
1688 430 1733 463 ob
1749 441 1851 473 quam
1864 441 2002 463 causam

112 482 130 516 5
154 484 271 528 magni
292 489 459 516 tractatus
483 484 691 517 concordiae
714 484 855 516 fuerunt
877 482 969 514 inter
990 481 1225 515 Bononienses
1247 487 1282 514 et
1305 482 1545 524 stipendiarios
1567 482 1733 526 anglicos,
1762 483 1823 526 qui
1846 488 1944 516 erant
1965 484 2003 516 in

155 537 338 574 Faventia3
361 542 397 569 et
420 537 500 579 quia
522 536 711 569 concordia
733 545 803 568 non
826 535 930 569 fiebat
952 535 1001 567 ita
1024 531 1105 574 cito,
1128 540 1232 577 prout
1254 535 1442 568 voluissent
1467 535 1552 568 dicti
1578 535 1718 579 anglici,
1746 536 1828 569 ideo
1852 536 1920 579 ipsi
1941 546 2004 569 an-

153 589 248 634 glici,
273 589 329 622 die
352 594 402 622 xv
424 589 516 632 maji,
540 589 781 632 equitaverunt
803 598 906 631 super
928 588 1092 621 comitatu
1107 587 1285 620 Bononiae
1299 598 1407 631 usque
1429 588 1476 620 ad
1498 593 1638 630 pontem
1661 589 1830 632 Maiorem
1846 595 1880 622 et
1903 600 2023 632 ceper

153 647 234 674 runt
257 651 370 674 ΜΜΜΜ
392 642 553 674 animalia
574 652 693 686 grossa
714 647 749 674 et
771 641 862 673 ultra
883 643 954 682 111J⁰
984 646 1106 683 captos
1132 646 1166 673 et
1197 641 1369 673 duxerunt
1392 641 1605 680 Faventiam,
1628 647 1811 685 postquam
1839 648 2004 675 steterant

154 694 263 727 tribus
287 694 407 727 diebus
430 705 532 737 super
555 695 720 727 comitatu
742 694 920 726 Bononiae
927 706 936 732 ;
960 694 1021 726 sed
1043 698 1163 735 postea
1186 693 1281 726 facta
1304 694 1372 726 fuit
1394 694 1583 727 concordia
1605 695 1697 727 inter
1718 695 1811 737 ipsos
1833 701 1868 727 et
1890 695 2005 728 Bono-

93 746 132 778 10
155 745 289 778 nienses
311 750 346 777 et
369 755 487 777 omnes
510 745 604 787 capti
628 745 671 777 de
694 750 839 787 utraque
861 749 960 786 parte
983 744 1124 776 fuerunt
1147 743 1255 777 libere
1278 744 1442 777 relassati.

244 796 376 828 Eodem
399 805 502 835 anno,
526 796 583 828 die
600 800 670 836 'xxj
692 795 827 837 aprelis.
852 813 893 817 —
918 794 1073 827 Comune
1095 794 1273 827 Bononiae
1303 795 1423 828 habuit
1455 796 1654 828 comitatum
1678 797 1805 829 Imolae
1836 796 1899 830 sub
1930 797 2004 841 ejus

155 847 314 880 custodia
335 852 371 879 et
393 846 642 891 gubernatione
665 856 686 878 a
708 845 865 889 syndicis
887 846 1069 878 comitatus
1093 845 1231 878 Imolae.
1878 878 1885 879 i

243 897 375 930 Eodem
398 906 501 936 anno,
526 896 584 929 die
605 897 717 939 primo
740 896 832 939 maji.
857 914 899 918 —
922 896 1015 928 Novi
1037 896 1168 927 antiani
1192 895 1409 929 intraverunt
1439 897 1477 929 in
1506 898 1621 937 offitio,
1645 909 1787 931 numero
1819 908 1883 940 xij,
1914 900 2005 931 inter

156 960 242 993 quos
264 950 333 982 fuit
357 950 515 982 dominus
537 949 726 981 Mathiolus
749 948 997 992 Somenabriga
1020 949 1064 981 de
1086 948 1290 988 Becadellis,
1315 950 1374 993 qui
1397 950 1464 982 fuit
1486 951 1617 993 primus
1640 952 1813 983 vexillifer
1842 952 2004 995 justitiae,

93 998 131 1032 15
157 1001 217 1044 qui
239 1001 344 1033 fuerit
366 1000 481 1032 factus
503 1000 540 1031 in
562 999 731 1032 Bononia.

242 1051 308 1084 Die
331 1061 412 1084 vero
436 1060 504 1092 an
527 1051 613 1083 dicti
635 1051 770 1083 mensis.
796 1069 838 1074 -
861 1051 1016 1084 Fuerunt
1045 1051 1134 1083 facti
1160 1060 1224 1092 xvj
1255 1052 1484 1084 confalonerii
1507 1053 1545 1084 in
1567 1053 1707 1095 populo,
1732 1054 1898 1086 videlicet
1922 1065 2006 1097 qua-

154 1110 232 1137 tuor
252 1115 317 1147 pro
340 1104 526 1148 quarterio,
549 1109 588 1136 ut
610 1103 725 1136 nullus
748 1103 888 1137 deberet
910 1104 1078 1136 accedere
1101 1104 1157 1136 vel
1180 1104 1317 1137 trahere
1340 1106 1387 1137 ad
1411 1106 1550 1138 domum
1578 1106 1736 1149 alicujus,
1761 1107 1829 1139 nisi
1852 1108 1899 1139 ad
1922 1117 2008 1139 con-

155 1156 363 1188 falonerium
386 1165 468 1187 suae
490 1154 643 1187 viciniae
665 1154 733 1187 sibi
757 1155 969 1197 deputatum.

243 1206 376 1239 Eodem
399 1215 501 1244 anno,
526 1205 584 1238 die
607 1215 716 1246 xva
740 1205 827 1238 dicti
850 1206 987 1238 mensis.
1012 1224 1054 1229 —
1077 1206 1246 1238 Dominus
1261 1206 1439 1250 Johannes
1455 1208 1499 1240 de
1523 1207 1786 1251 Mancatoribus
1810 1209 1853 1241 de
1878 1209 2007 1241 Sancto

89 1258 132 1289 20
155 1256 305 1289 Miniato
328 1256 397 1289 fuit
419 1255 622 1298 capitaneus
645 1255 766 1298 populi
789 1256 978 1289 Bononiae.

243 1307 375 1339 Eodem
399 1316 501 1345 anno,
526 1306 584 1338 die
607 1307 759 1338 secundo
775 1306 863 1349 julii.
881 1325 922 1330 —
945 1307 1107 1340 Britones
1130 1307 1167 1339 in
1191 1307 1341 1340 maxima
1365 1308 1559 1351 quantitate
1583 1316 1751 1342 venerunt
1775 1321 1877 1352 super
1900 1311 2008 1343 comi-

154 1366 229 1393 tatu
251 1360 430 1393 Bononiae
454 1370 532 1392 cum
557 1359 697 1392 domino
721 1360 892 1392 cardinali
916 1360 1037 1402 Zoppo
1061 1360 1268 1400 Gebenensi‚
1293 1362 1353 1404 qui
1376 1367 1496 1404 postea
1509 1362 1577 1394 fuit
1600 1363 1785 1405 antipapa;
1809 1370 1844 1395 et
1867 1364 2008 1396 diceba-

155 1419 221 1452 tur,
245 1414 340 1457 quod
362 1418 460 1445 erant
484 1415 588 1453 X111J¹¹¹
610 1413 758 1456 equites;
783 1419 818 1445 et
841 1419 1007 1455 ceperunt
1030 1413 1301 1456 Crespellanum‚
1326 1414 1501 1447 Olivetum
1524 1421 1559 1447 et
1582 1415 1891 1455 Montembellium‚
1915 1417 2009 1450 Chu-

155 1466 308 1499 cherlam
331 1472 366 1498 et
388 1466 496 1498 multa
519 1465 587 1498 alia
617 1471 740 1498 castra.
786 1465 832 1497 Et
860 1471 939 1508 post
961 1476 1024 1508 per
1046 1467 1203 1499 modicos
1227 1467 1302 1499 dies
1325 1467 1414 1499 dicti
1444 1467 1606 1500 Britones
1636 1469 1819 1501 existentes
1849 1469 1886 1501 in
1917 1475 2009 1502 terra

89 1517 130 1551 25
155 1519 350 1552 Ulmetulae
380 1524 415 1551 et
443 1518 552 1562 Burgi
586 1518 772 1557 Panicalis‚
809 1518 891 1550 dum
915 1519 1057 1561 quidam
1081 1518 1236 1562 pedites‚'
1261 1530 1406 1563 quorum
1435 1521 1636 1563 paucissimi
1660 1527 1757 1554 erant
1780 1522 1874 1554 cives
1897 1522 2004 1555 bono-

155 1572 301 1611 nienses,
325 1572 511 1604 exivissent
541 1576 676 1614 portam
706 1571 892 1610 Peradelli,
923 1571 1096 1613 praedicti
1119 1572 1281 1605 Britones
1303 1572 1556 1606 insultaverunt
1583 1573 1677 1616 ipsos
1706 1575 1842 1617 pedites
1865 1581 1899 1608 et
1921 1575 2009 1608 bene

155 1628 193 1657 νο
215 1624 465 1656 interfecerunt
486 1633 596 1666 prope
619 1634 756 1656 crucem
774 1623 941 1668 Servegli,
966 1634 1112 1668 quorum
1137 1625 1254 1667 capita
1278 1625 1411 1668 sepulta
1434 1626 1573 1659 fuerunt
1596 1627 1692 1670 juxta
1717 1627 1846 1660 dictam
1870 1639 2009 1661 crucem

154 1685 218 1717 per
240 1675 423 1718 quemdam
446 1674 682 1707 heremitatem
705 1680 788 1706 tunc
812 1674 863 1707 ibi
887 1681 1088 1708 morantem.

244 1725 376 1758 Eodem
399 1735 502 1763 anno,
528 1725 586 1757 die
608 1734 632 1757 v
654 1725 867 1767 septembris.
886 1744 927 1748 -
950 1725 1124 1758 Britones'
1148 1727 1332 1770 praedicti,
1350 1727 1433 1771 quia
1456 1728 1630 1761 habebant
1646 1729 1683 1761 in
1699 1729 1858 1762 Bononia
1881 1735 2007 1764 tracta-

90 1779 133 1811 30
157 1784 228 1811 tum
249 1778 553 1811 Maltraversorum
576 1784 611 1810 et
634 1787 735 1810 nemo
751 1779 795 1810 de
810 1779 877 1811 hoc
893 1779 1139 1821 perpendebat,
1157 1780 1409 1814 chucurrerunt
1424 1791 1533 1824 usque
1556 1782 1602 1814 ad
1625 1788 1742 1824 portas
1765 1783 1918 1816 civitatis
1941 1784 2009 1816 Bo-

155 1832 281 1864 noniae
305 1832 349 1864 de
371 1837 475 1864 nocte
497 1837 531 1863 et
553 1837 710 1863 arserunt
736 1831 863 1876 burgos
892 1837 1019 1864 stratae
1049 1833 1207 1876 Maioris,
1231 1839 1357 1866 stratae
1381 1834 1493 1866 sancti
1515 1835 1644 1867 Donati
1675 1842 1710 1868 et
1740 1841 1867 1868 stratae
1898 1838 2009 1870 sancti

156 1884 284 1917 Vitalis
307 1890 403 1917 extra
425 1889 578 1927 portam;
602 1890 637 1917 et
661 1890 769 1917 totum
791 1890 933 1927 propter
956 1890 1149 1925 tractatum,
1175 1887 1219 1918 de
1243 1890 1314 1929 qud
1336 1886 1402 1919 tibi
1426 1887 1520 1919 infra
1544 1887 1587 1919 de
1610 1888 1768 1930 proximo
1792 1889 1985 1931 explicabo.

243 1937 310 1969 Die
333 1947 414 1970 vero
438 1947 476 1978 Χ]
500 1938 587 1970 dicti
620 1938 747 1970 mensis
782 1938 993 1980 septembris.
1027 1957 1068 1961 —
1103 1939 1330 1981 Discopertus
1366 1940 1435 1972 fuit
1469 1950 1531 1982 per
1564 1941 1710 1984 gratiam
1745 1941 1915 1974 Altissimi
1950 1943 2009 1975 ille

155 1990 312 2032 peximus
334 1995 368 2022 et
391 1990 577 2022 inefandus
599 1996 774 2030 tractatus,
800 2001 901 2034 quem
924 1991 1098 2024 habebant
1122 1991 1175 2023 illi
1199 1990 1359 2024 Britones
1393 2003 1472 2024 cum
1506 1999 1604 2035 parte
1637 1993 1941 2027 Maltraversorum
1973 1997 2010 2028 in

89 2040 131 2074 35
156 2041 325 2082 Bononia,
349 2043 400 2075 de'
423 2043 540 2075 dando
571 2043 749 2075 civitatem
779 2042 959 2076 Bononiae
989 2044 1075 2087 ipsis
1105 2043 1308 2077 Britonibus
1331 2051 1365 2078 et
1389 2055 1507 2078 omnes
1538 2046 1581 2078 de
1609 2046 1679 2078 alia
1709 2053 1806 2089 parte
1837 2048 2010 2082 debebant

156 2096 305 2128 interfici
335 2101 370 2128 et
405 2096 565 2129 derobari
577 2109 587 2135 3
618 2096 716 2139 cujus
746 2097 931 2129 occasione
962 2097 1058 2139 capti
1088 2097 1240 2137 fuerunt,
1273 2098 1370 2130 dicta
1408 2099 1476 2138 die,
1509 2099 1553 2131 de
1590 2109 1665 2132 sero
1704 2095 1864 2133 dominus
1898 2101 2008 2134 Fran-

155 2149 269 2181 ciscus
292 2148 336 2181 de
359 2149 615 2182 Guastavilanis
650 2150 782 2189 doctor,
813 2148 963 2182 Bornius
987 2150 1120 2182 domini
1143 2150 1304 2184 Catelani
1329 2151 1372 2184 de
1397 2151 1479 2185 Sala
1506 2158 1540 2184 et
1571 2152 1716 2185 Munsus
1748 2154 1792 2186 de
1823 2154 2009 2188 Sabadinis

125 2213 132 2216 -
155 2207 190 2234 et
213 2201 373 2234 dominus
393 2202 591 2245 Jeronimus
613 2203 658 2235 de
681 2202 810 2235 Sancto
833 2202 1008 2246 Jeronimo
1038 2204 1168 2236 doctor.
1214 2203 1323 2247 Cujus
1347 2210 1511 2237 tractatus
1526 2206 1726 2248 propalator
1748 2207 1817 2239 fuit
1840 2218 1893 2240 ser
1907 2209 2011 2252 Jaco-

156 2255 220 2287 bus
244 2255 287 2287 de
309 2254 431 2297 Papia,
455 2255 516 2298 qui
539 2261 613 2288 erat
636 2262 851 2298 procurator,
874 2263 908 2289 et
932 2257 1013 2289 dum
1038 2257 1156 2290 ivisset
1180 2258 1226 2289 ad
1248 2258 1401 2290 studium
1433 2259 1566 2291 domini
1594 2258 1776 2292 Francisci
1797 2261 1840 2293 de
1865 2262 2010 2296 Guasta-

90 2308 133 2339 40
155 2302 292 2347 vilanis,
316 2308 479 2347 doctoris,
502 2318 566 2350 pro
590 2309 736 2341 consilio
759 2319 821 2341 suo
844 2310 929 2352 ipse,
952 2316 1136 2353 antequam
1159 2311 1397 2354 ingrederetur
1427 2312 1589 2351 studium,
1612 2313 1703 2345 vidit
1725 2314 1817 2346 intus
1844 2313 2009 2348 Boi-nium

155 2361 200 2393 de
224 2360 306 2393 Sala
330 2361 433 2394 valde
463 2367 595 2394 secreto
618 2363 721 2394 modo
745 2367 890 2395 stantem
914 2373 992 2395 cum
1017 2363 1158 2396 domino
1189 2363 1380 2396 Francisco
1404 2370 1438 2397 et
1461 2365 1556 2398 stetit
1586 2376 1649 2408 per
1678 2366 1836 2408 pulcrum
1867 2370 2007 2402 modum

156 2415 203 2446 ad
225 2414 479 2447 ascultandum'
503 2415 596 2457 ipsos
618 2421 654 2448 et
675 2426 737 2458 per
759 2416 874 2456 verba,
899 2427 987 2460 quae
1010 2417 1147 2449 audivit
1169 2417 1213 2450 ab
1237 2417 1297 2457 eis,
1321 2418 1506 2461 perpendit
1529 2420 1623 2462 quod
1646 2420 1714 2462 ipsi
1737 2420 1912 2454 habebant
1939 2429 2009 2456 tra-

156 2473 285 2499 ctatum
309 2468 399 2500 inter
421 2478 458 2500 se
480 2478 559 2500 cum
583 2467 792 2502 Britonibus.
838 2470 883 2502 Et
913 2470 1145 2503 incontinenti
1168 2471 1235 2503 ivit
1261 2477 1390 2503 secrete
1413 2472 1459 2504 ad
1482 2472 1717 2505 revellandum
1741 2479 1945 2514 tractatum;
1969 2488 2012 2509 ex

157 2530 225 2564 quo
243 2521 358 2553 dictus
373 2521 533 2553 dominus
548 2520 756 2555 Franciscus
771 2529 806 2555 et
823 2523 886 2555 alii
908 2523 996 2556 socii
1019 2524 1244 2567 suprascripti
1269 2525 1364 2567 capti
1386 2525 1535 2558 fuerunt.
1583 2526 1629 2558 Et
1651 2531 1734 2558 tunc
1760 2527 1874 2561 dictus
1898 2530 2008 2562 domi-

90 2571 131 2607 45
156 2582 221 2606 nus
243 2573 450 2606 Franciscus
472 2575 575 2617 petiit
598 2576 642 2607 de
663 2576 776 2620 gratia
799 2577 946 2609 evadere
969 2587 1160 2619 personam,
1185 2578 1214 2610 si
1238 2578 1312 2620 ipse
1336 2584 1492 2611 narraret
1507 2579 1659 2612 antianis
1674 2585 1782 2612 totum
1806 2587 2008 2622 tractatum3

156 2633 191 2659 et
214 2627 264 2659 sic
287 2627 357 2659 fuit
379 2628 584 2670 promissum
607 2628 675 2662 sibi
698 2636 732 2662 et
754 2629 829 2672 ipse
852 2631 969 2663 omnia
993 2632 1037 2663 de
1060 2630 1167 2663 verbo
1190 2632 1236 2664 ad
1254 2631 1396 2664 verbum
1412 2633 1647 2674 punctualiter
1663 2634 1863 2668 declaravit.
1903 2636 1947 2669 Et
1963 2638 2008 2671 ob

156 2680 205 2719 id,
230 2680 288 2713 die
309 2681 478 2724 sequenti,
501 2681 667 2715 videlieet
690 2683 748 2715 die
771 2693 824 2724 XIJ
846 2684 1059 2726 septembris,
1091 2690 1213 2727 captus
1235 2685 1304 2717 fuit
1328 2686 1488 2718 dominus
1511 2686 1703 2727 Mathaeus,
1727 2687 1813 2720 alias
1844 2689 2010 2724 Matiolus

156 2733 200 2766 de
222 2732 426 2773 Becadellis,
449 2740 484 2767 et
507 2735 602 2768 dicta
625 2736 683 2768 die
707 2737 866 2770 dominus
888 2737 1070 2771 Mathaeus
1094 2739 1138 2771 de
1161 2738 1356 2772 Becadellis
1381 2740 1591 2782 praedictus,
1624 2741 1784 2775 dominus
1815 2742 2008 2785 Jeronimus

156 2787 373 2829 supradictus
396 2793 431 2820 et
453 2786 601 2821 Bornius
625 2790 668 2822 de
692 2789 773 2823 Sala
796 2791 1016 2834 supradictus
1038 2792 1178 2826 fuerunt
1201 2792 1391 2836 decapitati
1416 2803 1518 2836 super
1540 2794 1665 2836 platea.

245 2889 278 2917 27
297 2885 418 2919 crucem]
436 2894 516 2920 segue
535 2887 636 2913 Brochi
654 2889 799 2915 cancellato

2080 813 2100 828 c.
2117 813 2158 830 124
2173 808 2184 827 b

2083 1742 2162 1765 Mum,
2178 1741 2214 1761 188
