2196 3424
103 172 186 209 [11.
206 174 392 208 1274-12751
688 169 1009 207 MEMORIALE
1038 157 1365 208 HISTORICUM
1898 176 1943 211 21

101 309 178 332 suas
200 304 235 331 et
257 298 473 341 proiciebant
495 289 628 341 lapides
651 300 790 342 populo,
816 300 859 333 de
884 310 952 344 quo
974 301 1122 344 populus
1145 301 1300 335 turbatus
1323 302 1390 335 fuit
1412 303 1526 336 valde.
1572 304 1618 337 Et
1641 306 1787 338 accessit
1809 307 1956 348 populus

100 352 146 384 ad
167 356 373 394 potestatem
398 351 550 384 dicendo
573 353 667 395 quod
690 363 811 385 secure
834 353 968 386 faceret
988 354 1152 397 justitiam
1176 361 1211 387 et
1234 354 1375 388 offitium
1399 367 1507 388 suum.
1554 356 1656 390 Tunc
1687 364 1839 399 potestas
1869 359 1956 393 fecit

103 404 232 437 destrui
255 409 402 447 quatuor
425 404 545 437 domos
569 406 612 437 de
635 412 733 448 parte
757 406 1094 440 Lambertaciorum'
1111 414 1146 440 et
1170 408 1254 440 duas
1278 408 1322 440 de
1345 414 1443 450 parte
1460 409 1733 451 Jeremiensium.
1779 412 1825 444 Et
1847 412 1892 445 ob
1914 414 1952 446 id

100 463 245 500 utraque
279 466 360 499 pars
393 456 481 489 fecit
511 468 637 501 magna
666 459 918 502 guarnimenta.
964 460 1011 492 Et
1040 466 1124 493 tunc
1156 461 1304 493 societas
1333 461 1514 494 Branchae
1546 468 1581 495 et
1611 463 1757 496 societas
1789 465 1956 498 Griffonis

6 525 8 539 ;
58 508 76 540 5
103 513 293 550 coeperunt
315 513 539 540 manutenere
571 509 737 551 populum
769 516 804 542 et
836 520 980 543 comune
1005 517 1040 544 et
1062 511 1198 555 iverunt
1220 512 1266 544 ad
1296 513 1561 545 custodiendum
1591 520 1725 556 portam
1756 516 1867 548 sancti
1890 517 1957 549 Fe-

98 561 186 600 licis,
209 560 291 603 quia
314 560 496 593 dicebatur
519 562 613 604 quod
635 563 876 605 guarnimenta
898 564 1005 605 partis
1027 563 1289 607 Jeremiensium
1314 565 1358 597 de
1380 565 1603 598 Lombardia'
1627 567 1796 601 deberent
1826 569 1954 602 intrare

99 624 164 656 per
184 613 279 646 illam
305 619 458 656 portam3
490 624 578 657 quae
608 615 849 658 guarnimenta
880 616 1009 649 intrare
1044 617 1208 650 volebant
1237 628 1301 660 per
1330 624 1465 660 portam
1496 620 1606 652 sancti
1634 620 1751 653 Isaiae.
1797 621 1843 654 Et
1872 628 1956 655 tunc

100 667 215 699 dictae
237 666 421 699 societates
443 667 582 699 iverunt
606 668 655 699 eis
678 667 815 700 obviam
839 675 935 701 extra
957 676 1092 711 portam
1124 676 1159 703 et
1189 670 1377 712 proeliatae
1400 671 1543 704 fuerunt
1574 682 1652 704 cum
1684 673 1734 705 eis
1764 674 1800 706 in
1823 680 1956 708 tantum

98 719 193 763 quod
224 719 319 751 dicta
348 720 590 763 guarnimenta
618 721 781 753 conflicta
803 721 945 754 fuerunt
977 728 1012 754 et
1043 723 1142 755 multi
1170 723 1263 766 capti
1293 724 1420 756 mortui
1451 724 1601 757 fuerunt.
1648 726 1694 758 Et
1726 732 1808 759 tunc
1842 737 1957 761 comes

10 801 17 810 h
37 773 77 805 10
98 771 350 816 Maghinardus
374 772 417 804 de
440 772 608 812 Panicho,
633 774 692 816 qui
715 780 861 808 venerat
883 775 929 807 ad
952 775 1177 808 habitandum
1201 776 1238 807 in
1262 777 1413 809 ecclesia
1435 778 1547 810 sancti
1569 778 1707 818 Ysa'iae,
1721 778 1790 822 jam
1815 787 1957 823 ceperat

98 825 215 868 plures
248 825 369 857 domos
391 825 428 856 in
452 831 609 859 contrata
639 827 750 859 sancti
781 827 906 860 Ysa'i'ae
934 834 969 860 et
1000 827 1190 867 Peradelli3
1222 829 1347 861 timens
1377 829 1421 861 de
1446 830 1549 862 dictis
1571 831 1793 864 societatibus
1822 833 1957 878 aufugit

98 884 133 912 et
155 878 377 921 quamplures
400 878 444 910 de
468 878 537 911 suis
559 880 684 911 mortui
707 879 858 913 fuerunt.
905 880 1030 913 Comes
1053 887 1168 914 autem
1192 881 1362 925 Ugolinus
1386 883 1430 914 de
1446 882 1614 923 Panicho,
1639 885 1698 927 qui
1722 891 1795 918 erat
1819 893 1957 919 contra-

98 932 168 964 tius
198 931 284 965 dicti
319 931 454 964 comitis
486 931 709 975 Maghinardi
740 938 774 965 et
806 940 949 976 ceperat
979 934 1163 977 seraglium
1195 934 1395 979 Saragotiae
1433 941 1468 968 et
1505 937 1725 979 quamplures
1761 938 1879 971 domos
1911 940 1955 972 de

97 984 287 1028 Saragoti&
303 983 371 1016 fuit
387 985 490 1016 etiam
505 985 683 1028 infugatus
697 996 762 1027 per
777 986 943 1029 quasdam
959 987 1043 1019 alias
1058 987 1242 1020 societates
1265 988 1459 1027 Bononiae,
1477 995 1512 1021 et
1527 989 1644 1031 plures
1669 990 1712 1022 de
1737 991 1806 1023 suis
1829 993 1955 1025 mortui

0 1034 73 1070 15
98 1042 133 1068 et
155 1034 328 1067 vulnerati
356 1035 515 1074 fuerunt,
540 1042 575 1068 et
599 1036 730 1069 dictum
761 1038 945 1081 seraglium
976 1044 1133 1071 arserunt
1164 1045 1198 1071 et
1229 1039 1354 1071 multas
1384 1039 1504 1072 domos
1533 1040 1798 1074 derobaverunt.
1844 1042 1956 1075 Guar-

99 1088 254 1120 nimenta
276 1097 360 1120 vero
382 1089 490 1131 partis
512 1088 833 1122 Lambertaciorum
855 1091 1031 1123 venientia
1055 1091 1099 1123 de
1123 1091 1356 1124 Romandiola
1384 1098 1552 1134 ceperunt
1575 1093 1729 1133 1molam,
1752 1094 1954 1128 Faventiam

97 1146 132 1175 et
155 1141 349 1174 Solarolum
372 1147 408 1174 et
430 1148 601 1175 venerunt
623 1153 731 1185 usque
763 1143 808 1175 ad
840 1143 998 1176 Castrum
1021 1145 1132 1176 sancti
1162 1144 1258 1176 Petri
1289 1144 1446 1177 fatiendo
1477 1145 1625 1177 maxima
1648 1146 1790 1185 damna;
1815 1154 1850 1180 et
1874 1159 1953 1181 cum

95 1195 280 1227 audierunt
303 1195 398 1238 quod
419 1196 661 1239 guarnimenta
683 1196 791 1238 partis
810 1196 1026 1239 jeremiensis
1048 1203 1274 1236 recesserant,
1298 1198 1529 1230 incontinenti
1556 1199 1735 1232 redierunt
1765 1201 1953 1234 Faventiae

98 1259 177 1281 cum
199 1247 356 1290 pluribus
380 1249 490 1290 captis
514 1248 557 1281 de
581 1249 760 1288 Faventia,
784 1259 870 1292 quos
897 1260 1015 1283 secum
1046 1250 1219 1283 duxerunt
1249 1251 1279 1283 F
1280 1251 1450 1290 orlivium‚
1474 1251 1566 1283 inter
1596 1261 1681 1294 quos
1703 1259 1858 1285 mortuus
1887 1254 1956 1288 fuit

30 1303 74 1334 20
97 1301 237 1344 quidam
260 1311 404 1345 magnus
434 1307 469 1334 et
495 1308 619 1344 potens
649 1302 735 1334 civis
762 1303 971 1342 faventinus,
1003 1303 1063 1347 qui
1093 1303 1284 1336 vocabatur
1312 1303 1469 1336 Beltade.
1515 1304 1562 1336 Et
1592 1314 1656 1346 pro
1688 1305 1791 1337 dictis
1822 1306 1956 1340 damnis

97 1354 186 1386 datis
209 1354 280 1386 dati
303 1354 446 1387 fuerunt
468 1355 607 1387 obsides
638 1356 777 1388 comuni
804 1355 992 1396 Bononiae,
1023 1356 1083 1399 qui
1113 1366 1177 1398 pro
1209 1362 1354 1399 utraque
1384 1362 1483 1399 parte
1515 1357 1587 1389 dati
1617 1357 1760 1390 fuerunt
1789 1359 1825 1390 in
1853 1369 1956 1402 guar-

0 1391 7 1428 1
98 1407 189 1439 diam
212 1408 369 1440 societati
391 1407 592 1447 Branchae,'
617 1408 661 1440 de
688 1418 757 1451 qua
785 1409 951 1441 societate
982 1410 1126 1441 multum
1157 1409 1379 1442 confidebant
1409 1410 1530 1442 ambae
1553 1416 1669 1452 partes
1676 1422 1686 1448 ;
1711 1416 1747 1443 et
1777 1411 1952 1446 debebant

0 1464 9 1506 ξ,
97 1461 180 1493 duci
202 1461 248 1493 ad
278 1460 437 1494 Castrum
468 1462 497 1493 F
498 1461 676 1501 ranchum,
708 1462 822 1494 donec
857 1462 976 1501 Im01a,
999 1462 1168 1495 Faventia
1199 1468 1234 1494 et
1261 1462 1454 1495 Solarolum
1485 1463 1644 1496 restituta
1674 1470 1789 1497 essent
1816 1467 1955 1498 comuni

0 1509 16 1565 I}
95 1514 283 1554 Bononiae,
305 1512 348 1546 a‘c
373 1515 476 1547 etiam
507 1515 708 1554 Forlivium,
731 1515 923 1547 secundum
946 1521 1050 1558 pacta
1080 1516 1230 1558 antiqua.
1277 1516 1325 1548 Et
1354 1515 1405 1548 sic
1430 1516 1502 1548 dati
1532 1516 1682 1549 fuerunt‘
1708 1517 1794 1550 dicti
1817 1518 1956 1552 obsides

0 1574 5 1591 ὲ

0 1626 9 1646 Ξ

0 1657 6 1673 i

0 1160 11 1168 ς
0 1075 10 1146 *ww-ez
0 906 11 1070 ymnum-amn„
8 850 9 855 Α
8 756 10 758 ,
8 694 9 697 Α
7 673 8 676 Α
9 611 13 631 ..4

0 1569 7 1605 {s
30 1565 72 1599 25
97 1573 132 1600 et
147 1567 245 1600 ducti
260 1567 307 1600 ad
322 1567 480 1600 Castrum
496 1569 526 1600 F
527 1568 706 1607 ranchum,
722 1568 783 1601 ubi
799 1569 859 1600 diu
875 1574 1051 1601 steterant.
1090 1569 1137 1601 Et
1153 1575 1344 1602 extractum
1359 1569 1427 1613 fuit
1444 1569 1652 1602 charrotium
1669 1577 1766 1603 extra
1787 1571 1824 1603 in
1840 1572 1956 1614 platea

0 1610 5 1623 ⁵
97 1631 176 1653 cum
199 1630 324 1665 magno
346 1622 475 1665 gaudio
499 1632 603 1654 causa
625 1621 732 1654 eundi
754 1622 957 1654 Faventiam
981 1627 1017 1655 et
1038 1623 1068 1655 F
1069 1622 1229 1655 orlivium
1256 1623 1302 1655 ad
1326 1623 1526 1655 exercitum.
1572 1623 1619 1655 Et
1642 1629 1724 1656 tunc
1756 1625 1954 1658 insultatum

96 1673 163 1707 fuit
186 1674 395 1707 charrotium
419 1681 455 1707 et
478 1675 712 1708 custodientes
735 1675 823 1707 illud
846 1681 882 1708 et
903 1675 1082 1717 inceptum
1113 1675 1180 1708 fuit
1211 1685 1373 1720 magnum
1403 1676 1574 1718 proelium
1597 1677 1688 1709 inter
1709 1683 1836 1719 partes,
1857 1679 1956 1712 vide-

96 1727 181 1760 licet
201 1726 463 1760 Lambertacios
486 1734 521 1760 et
542 1728 792 1777 Jeremienses,
816 1734 851 1761 et
873 1739 953 1771 pars
975 1729 1296 1762 Lambertaciorum
1319 1729 1475 1771 perdidit
1506 1736 1541 1762 et
1571 1729 1639 1762 fuit
1670 1731 1813 1772 expulsa
1837 1732 1881 1763 de
1906 1733 1955 1764 ci-

96 1780 201 1813 vitate
224 1780 413 1813 Bononiae.
453 1781 493 1813 In
509 1791 578 1824 qua
593 1778 794 1824 expulsione
817 1782 916 1814 multi
932 1788 967 1814 et
983 1782 1082 1814 multi
1105 1781 1297 1814 Ghibellini
1321 1782 1447 1814 mortui
1471 1787 1506 1814 et
1522 1782 1693 1815 vulnerati
1715 1783 1867 1817 fuerunt.
1906 1785 1953 1817 Et

0 1826 5 1840 Ξ
30 1833 73 1865 30
96 1839 179 1866 tunc
203 1834 362 1866 dominus
383 1840 534 1877 potestas
555 1835 735 1868 Bononiae
766 1842 802 1868 et
829 1835 989 1868 dominus
1015 1836 1217 1878 capitaneus
1239 1835 1360 1878 populi
1383 1836 1518 1878 expulsi
1540 1835 1682 1868 fuerunt
1705 1836 1749 1869 de
1773 1838 1953 1881 regimine.

97 1887 143 1919 Et
166 1887 325 1920 dominus
346 1887 567 1920 Rolandinus
589 1887 757 1932 Putaglus
780 1889 824 1921 de
848 1888 975 1921 Parma
997 1889 1093 1921 venit
1115 1889 1308 1922 Bononiam
1332 1889 1411 1921 loco
1437 1889 1625 1931 potestatis.
1672 1889 1719 1922 Et
1747 1889 1838 1922 inter
1869 1891 1954 1923 alios

97 1946 250 1974 mortuos
272 1940 414 1974 fuerunt
438 1941 596 1974 dominus
618 1941 828 1986 Peregrinus
858 1942 902 1974 de
925 1942 1139 1985 Rustiganis,
1163 1942 1323 1974 dominus
1345 1941 1561 1985 Magarottus
1585 1942 1629 1974 de
1652 1942 1868 1985 Magarottis‚
1893 1944 1954 1975 do-

96 1994 210 2026 minus
237 1993 434 2026 Bonifatius
457 1995 501 2027 de
524 1993 686 2034 Ariostis3
705 2001 739 2027 et
761 1995 797 2027 in
819 1995 905 2038 fuga
927 1995 1023 2027 facta
1046 2001 1167 2027 contra
1188 1995 1448 2027 Lambertacios
1471 1995 1571 2027 multi
1594 1996 1719 2027 mortui
1742 2001 1778 2028 et
1792 1996 1954 2029 suffocati

96 2047 247 2087 fuerunt,
270 2048 363 2080 inter
384 2057 471 2090 quos
501 2048 643 2080 fuerunt
671 2049 831 2081 dominus
862 2049 1064 2081 Castelanus
1096 2049 1140 2081 de
1163 2047 1302 2080 Andalo
1334 2055 1369 2081 et
1401 2048 1542 2081 domina
1564 2047 1730 2088 castoria,
1762 2048 1835 2092 ejus
1855 2059 1952 2089 uxor,

0 2098 71 2132 35
97 2106 132 2133 et
154 2101 253 2134 multi
283 2101 360 2139 alii;
386 2108 421 2134 et
448 2101 551 2134 etiam
582 2102 681 2134 multi
704 2102 764 2134 alii
796 2102 892 2134 citati
916 2107 952 2135 et
975 2102 1146 2135 carcerati
1169 2102 1312 2134 fuerunt
1335 2107 1370 2134 et
1392 2102 1484 2135 bona
1506 2113 1568 2134 sua
1591 2102 1778 2135 confiscata
1799 2102 1953 2136 fuerunt.

184 2154 234 2187 M.
237 2154 446 2188 CCLXXV.
463 2173 505 2178 —-
520 2155 689 2188 Dominus
711 2155 879 2188 Nicolaus
902 2156 946 2188 de
961 2155 1147 2199 Baluganis
1163 2156 1207 2188 de
1224 2156 1312 2188 Exio
1327 2155 1395 2188 tuit
1416 2161 1568 2198 potestas
1583 2156 1760 2189 Bononiae
1785 2161 1820 2189 et
1843 2156 1953 2189 domi-

95 2217 160 2240 nus
182 2206 367 2240 Malatesta
390 2207 434 2239 de
456 2206 648 2240 Malatestis
671 2207 714 2239 de
737 2206 911 2239 Arimino'
933 2207 1002 2240 fuit
1025 2208 1225 2250 capitaneus
1247 2207 1376 2250 populi.

184 2261 320 2293 Eodem
344 2270 447 2300 anno,
471 2261 516 2293 de
539 2271 657 2293 mense
680 2261 819 2304 aprelis,
842 2261 879 2293 in
904 2261 960 2293 die
991 2261 1103 2293 sancti
1126 2261 1298 2304 Gregorii.
1322 2279 1364 2284 —-
1387 2261 1555 2305 Magnum
1578 2262 1748 2304 proelium
1772 2261 1840 2294 fuit
1861 2261 1953 2294 inter

79 2311 334 2347 Bononienses
355 2313 571 2352 intrinsecos,
596 2323 640 2345 ex
661 2323 732 2345 una
753 2318 863 2356 parte,
888 2319 923 2345 et
944 2313 1183 2345 Bononienses
1206 2312 1415 2355 ghibellinos
1438 2313 1609 2355 expulsos,
1633 2323 1677 2345 ex
1699 2313 1767 2345 alia
1781 2318 1890 2355 parte,
1907 2313 1953 2344 ad

0 2371 7 2424 Ξ
31 2365 74 2397 40
95 2371 237 2407 pontem
252 2366 364 2399 sancti
385 2366 537 2399 Proculi.
583 2367 630 2399 Et
651 2366 891 2399 Bononienses
913 2366 1026 2410 fugati
1048 2366 1192 2399 fuerunt
1205 2377 1271 2409 per
1293 2366 1406 2399 dictos
1430 2367 1647 2399 Ghibellinos
1670 2373 1706 2399 et
1728 2367 1826 2399 multi
1857 2366 1950 2408 capti

0 2425 8 2471 5
95 2429 204 2462 usque
227 2420 273 2452 ad
295 2420 401 2452 Rium
426 2420 716 2464 Sanguenarium;
740 2425 776 2453 et
802 2420 942 2463 quando
968 2426 1187 2452 recesserunt
1213 2419 1460 2459 Bononienses,
1483 2420 1550 2462 ipsi
1573 2419 1828 2452 interfecerunt
1842 2429 1950 2462 prope

0 2472 8 2512 ξ
97 2473 271 2506 rastellum
294 2475 482 2508 Faventiae
506 2484 555 2507 Χ1,
577 2475 607 2508 F
608 2475 797 2508 aventinos.
843 2475 897 2507 De
920 2485 1038 2507 mense
1061 2480 1176 2507 autem
1197 2473 1286 2517 junii
1308 2474 1495 2517 sequentis,
1517 2473 1754 2506 Bononienses
1777 2483 1856 2505 cum
1879 2483 1951 2504 ma-

0 2160 5 2220 ἶ

0 2232 6 2288 5

0 2563 4 2569 A
94 2534 164 2568 gno
187 2526 343 2559 exercitu
367 2526 411 2559 de
435 2536 525 2559 novo
547 2527 686 2559 iverunt
707 2527 910 2559 Faventiam
934 2531 970 2559 et
992 2526 1154 2569 hospitati
1176 2526 1320 2558 fuerunt
1342 2526 1437 2557 iuxta
1459 2531 1601 2567 pontem
1625 2525 1737 2557 sancti
1751 2524 1893 2557 Proculi
1916 2530 1952 2556 et

0 2577 13 2662 {-
96 2578 258 2611 fecerunt
280 2590 405 2623 magna
428 2580 578 2612 damna‘
568 2591 604 2612 111
620 2579 879 2613 illiscontratis‘
870 2591 906 2611 1n
930 2579 1043 2612 bladis
1059 2585 1094 2612 et
1117 2579 1201 2611 aliis.
1250 2578 1322 2611 Sed
1346 2579 1403 2611 die
1419 2587 1490 2619 ΧΠ]
1503 2577 1591 2621 junii
1606 2578 1636 2610 F
1636 2578 1790 2610 aventini
1813 2583 1849 2610 et
1864 2578 1951 2610 For-

31 2629 72 2662 45
96 2631 259 2664 livienses
281 2639 317 2665 et
340 2643 457 2666 comes
474 2634 518 2666 de
534 2633 762 2666 Montefeltro
780 2644 858 2666 cum
882 2639 956 2666 tota
978 2633 1163 2665 Mutiliana
1185 2638 1220 2665 et
1237 2643 1316 2665 cum
1332 2632 1490 2664 omnibus
1513 2631 1721 2664 Ghibellinis
1737 2631 1889 2673 expulsis
1905 2631 1949 2663 de

9 2682 11 2690 ²
95 2682 254 2716 Bononia
275 2690 448 2717 venerunt
474 2691 597 2718 contra
617 2685 859 2729 Bononienses
882 2691 918 2717 et
940 2685 1033 2727 ipsos
1061 2684 1312 2717 insultaverunt
1336 2690 1370 2716 et
1394 2683 1625 2716 conflixerunt
1658 2683 1834 2726 populum,
1870 2682 1951 2725 quia

97 2738 232 2781 equites
255 2739 458 2773 dimiserunt
480 2741 633 2783 pedites3
658 2746 774 2773 tamen
798 2740 936 2783 pedites
951 2751 988 2773 se
1005 2740 1221 2773 reduxerunt
1236 2739 1330 2782 apud
1354 2737 1557 2771 carrotium'
1582 2744 1616 2771 et
1640 2748 1719 2770 cum
1742 2737 1873 2770 balistis
1895 2736 1949 2769 fe-

97 2797 220 2824 cerunt
242 2803 405 2836 magnum
422 2794 585 2827 damnum
603 2794 811 2827 Ghibellinis
826 2800 862 2827 et
885 2795 1010 2828 multos
1033 2804 1152 2826 eorum
1176 2793 1439 2826 interfecerunt.
1477 2792 1613 2824 Tamen
1635 2791 1783 2823 finaliter
1807 2790 1950 2823 Ghibel-

96 2846 158 2879 lini
181 2846 404 2881 obtinuerunt
420 2855 454 2882 et
471 2850 597 2882 mortui
612 2849 755 2883 fuerunt
770 2849 819 2882 ibi
838 2850 934 2882 circa
949 2858 1007 2881 ΜΜ
1021 2849 1260 2881 Bononienses
1277 2853 1311 2881 et
1335 2848 1427 2891 capti
1442 2847 1584 2880 fuerunt
1601 2846 1696 2879 circa
1718 2854 1803 2877 ΜΜΜ
1820 2854 1948 2877 currus».

189 2954 218 2974 12
239 2949 387 2983 Ugolinus]
402 2951 494 2983 prima
512 2951 560 2977 l'a.
580 2958 672 2976 aveva
690 2951 782 2976 scritto
800 2950 1013 2984 Maghinardus,
1034 2951 1078 2976 che
1091 2951 1141 2982 poi
1158 2947 1272 2975 cancell&

2028 424 2103 447 Mun„
2122 424 2157 445 124

2030 581 2119 604 ‘3³⁶5

2027 1429 2047 1443 c.
2060 1428 2090 1447 ,97
2106 1431 2118 1443 a

2029 2172 2050 2187 c.
2063 2170 2092 2190 37
2107 2165 2119 2185 h

2028 2218 2104 2242 Mum,
2122 2217 2158 2235 12¹5
