2196 3424
60 501 157 525 c87b

66 1351 160 1372 c.88a

27 1883 102 1907 Mun„
121 1882 159 1902 100

67 2263 87 2277 c.
101 2257 156 2278 8811

238 147 286 184 50
777 144 1067 181 MATTHAEI
1097 145 1167 179 DE
1195 143 1546 179 GRIFFONIBUS
1927 150 1979 185 [A.
1999 153 2080 186 1337]

230 289 279 311 xv
307 279 381 312 dies
411 279 561 312 scribere
585 279 797 311 notificando
820 279 908 317 loca,
932 278 992 310 ubi
1015 282 1116 310 erunt
1140 277 1187 309 ad
1210 276 1369 309 confinia.
1415 276 1461 308 Et
1483 276 1607 309 Bertus
1631 277 1674 309 de
1697 277 1896 310 Bacelleriis
1919 285 1954 312 et
1976 279 2081 313 sotius

230 343 308 364 suus
331 332 448 364 Tanus
473 333 515 365 de
538 332 648 365 Cento
671 333 811 364 fuerunt
834 331 969 364 banniti
993 331 1113 369 solum,
1138 329 1220 372 quia
1244 330 1484 361 cridaverunt:
1510 329 1618 362 Vivat
1642 330 1803 363 dominus
1826 330 2079 366 Brandelixius.

230 385 275 417 Et
297 385 489 417 Chichinus
513 385 556 417 de
578 385 797 428 Bentevoglis
819 384 923 416 etiam
953 390 988 416 et
1011 383 1163 426 Vecolus
1187 383 1231 414 de
1253 382 1430 414 Malviciis
1461 381 1596 414 banniti
1628 383 1778 422 fuerunt,
1806 385 1887 427 quia
1910 386 2081 418 clamave-

230 443 324 470 runt:
344 456 383 460 —-
402 438 530 470 Vivant
554 438 687 470 antiani
711 443 745 469 et
768 437 864 469 vivat
887 436 1081 469 barisellusl

319 491 451 523 Eodem
475 501 576 529 anno,
601 491 658 524 die
682 501 726 532 11J
749 490 927 523 februarii.
961 509 1002 512 —
1033 489 1318 533 Praeconicatum
1349 489 1417 521 fuit
1448 490 1542 531 quod
1565 499 1683 522 omnes
1705 490 1876 523 solverent
1905 498 2081 533 praestan·
2128 490 2146 524 5

230 543 314 575 tiam
338 543 532 585 impositam
557 545 601 576 de
623 546 683 585 VJm
707 543 805 576 libris
839 543 1102 576 bononinorum.
1147 543 1293 574 Demum
1322 542 1418 574 circa
1444 542 1596 574 medium
1621 542 1753 575 dictum
1776 554 1926 576 mensem
1950 545 2082 577 domini

229 596 362 628 antiani
393 597 525 638 portari
549 598 707 629 fecerunt
731 607 935 639 campanam
967 596 1086 638 populi
1111 602 1145 628 et
1177 606 1380 638 campanam
1404 595 1623 627 antianorum
1648 596 1684 627 in
1707 597 1795 628 turri
1818 597 1940 639 palatii
1964 607 2081 630 eorum

230 648 448 687 residentiae,
471 649 531 682 ubi
555 650 668 692 primo
691 656 765 682 erat
788 660 890 691 super
913 649 998 682 turri
1023 649 1196 691 capitanei
1220 649 1350 690 populi.

318 702 450 734 Eodem
473 713 576 742 anno,
601 703 658 735 die
681 712 747 744 xxJ
771 703 857 735 dicti
882 703 1017 734 mensis.
1036 721 1076 724 —
1093 702 1296 741 Fulcirolus,
1314 707 1501 744 captaneus
1525 703 1568 735 de
1590 702 1781 742 Medicina,
1798 704 1865 736 fuit
1881 704 2083 738 interfectus

231 754 267 786 in
291 755 374 787 villa
397 755 565 789 Tresenti.
2110 759 2149 790 10

319 807 451 840 Eodem
473 819 564 841 anno
587 815 622 841 et
645 809 712 842 die.
738 828 778 832 *
803 809 910 842 Venit
934 819 1060 841 novum
1083 809 1288 847 Bononiam,
1311 810 1405 852 quod
1428 809 1480 841 illi
1505 809 1548 841 de
1571 809 1794 843 Primadiciis
1817 811 1854 842 in
1877 811 1960 843 villa
1977 811 2084 844 Saleti

231 860 478 894 interfecerant
509 862 836 905 archipresbiterum
865 863 908 895 de
939 862 1067 901 Salem,
1098 868 1243 904 propter
1273 863 1367 905 quod
1397 862 1598 895 malefitium
1629 863 1739 901 multi,
1764 863 1834 896 imo
1864 864 1975 907 major
2003 875 2085 906 pars

231 914 367 946 illorum
385 915 428 947 de
444 915 676 954 Primadiciis‚
701 915 834 948 banniti
858 916 1015 953 fuerunt3
1033 915 1124 948 inter
1140 925 1226 958 quos
1242 915 1310 947 fuit
1325 916 1580 959 Maghinardus
1596 917 1639 948 de
1655 916 1888 956 Primadiciis,
1912 918 1983 960 qui,
2001 918 2082 950 dum

232 967 439 1010 bagordaret
456 968 492 1000 in
510 969 567 1001 die
583 969 694 1001 sancti
710 969 877 1007 Mathiae,
891 969 959 1001 :fuit
972 968 1127 1001 cridatus
1150 974 1184 1001 et
1208 969 1368 1001 bannitus
1391 969 1437 1001 ad
1460 969 1700 1013 arengheriam
1724 970 1880 1002 comunis
1894 970 2082 1003 Bononiae.

320 1020 452 1053 Eodem
475 1032 577 1061 anno,
603 1022 646 1055 de
668 1033 784 1055 mense
807 1022 932 1055 martii.
958 1041 998 1045 —
1021 1022 1189 1055 Dominus
1211 1022 1410 1066 Raynerius
1433 1023 1477 1054 de
1499 1022 1726 1055 Cancelleriis
1749 1023 1793 1055 de
1817 1023 1966 1056 Pistorio
1988 1023 2084 1056 venit
2110 1022 2148 1055 15

231 1084 295 1116 pro
318 1074 501 1116 capitaneo
524 1076 645 1118 populi
669 1076 858 1108 Bononiae.
903 1076 1072 1108 Dominus
1096 1076 1309 1109 Octavianus
1341 1076 1385 1108 de
1414 1076 1581 1108 Belfortis
1606 1077 1649 1108 de
1671 1076 1844 1109 Vu-lterris
1866 1077 1933 1109 fuit
1955 1077 2085 1110 electus

232 1132 382 1169 potestas
403 1128 591 1162 Bononiae.

320 1180 452 1213 Eodem
475 1192 578 1222 anno,
603 1183 659 1215 die
682 1193 751 1224 νη]
774 1183 902 1226 aprilis.
921 1202 962 1206 -—
986 1182 1215 1226 Passipauper
1239 1183 1282 1215 de
1304 1182 1538 1225 Passipoveris
1560 1183 1627 1215 fuit
1650 1183 1840 1216 confinatus
1871 1183 2084 1222 Faventiam,

232 1243 273 1266 eo
296 1234 379 1277 quia
402 1234 490 1267 dixit
513 1236 664 1269 dedecus
686 1236 746 1268 uni
770 1247 814 1268 ex
835 1236 985 1269 antianis
1015 1237 1170 1268 comunis
1200 1236 1389 1275 Bononiae,
1417 1237 1478 1268 sed
1509 1236 1613 1269 rediit
1643 1236 1737 1269 intra
1767 1242 1914 1279 quatuor
1944 1237 2019 1270 dies
2041 1237 2086 1270 de

234 1286 435 1320 confinibus.
1823 1329 1829 1340 Ι
2107 1291 2150 1322 20

324 1340 456 1374 Eodem
479 1352 580 1375 anno.
606 1361 647 1366 —
671 1343 812 1375 Nannes
837 1342 1025 1376 Castellani
1056 1344 1099 1376 de
1123 1343 1312 1376 Gozadinis
1335 1343 1501 1383 notarius,
1529 1343 1587 1376 die
1619 1352 1726 1385 xxvlJ
1748 1343 1841 1386 maji,
1865 1343 1994 1376 electus
2016 1343 2086 1376 fuit

231 1395 436 1436 praeconsul
452 1395 627 1428 societatis
650 1396 884 1435 Notariorum,
902 1397 1000 1440 cujus
1016 1397 1165 1429 officium
1188 1397 1342 1439 incipere
1359 1396 1473 1434 debet,
1497 1396 1526 1428 si
1549 1396 1688 1438 poterit,
1704 1397 1741 1428 in
1764 1396 1938 1429 kallendis
1959 1397 2087 1429 mensis

230 1446 307 1490 julii
329 1448 485 1489 proxime
508 1449 655 1482 venturi.
934 1442 936 1444 ¹

322 1500 456 1533 Eodem
479 1512 581 1542 anno,
606 1503 662 1535 die
685 1505 837 1536 secundo
858 1504 959 1547 junii.
984 1522 1025 1526 —
1050 1504 1131 1536 Fuit
1154 1513 1271 1536 rumor
1292 1503 1329 1535 in
1359 1503 1517 1536 Bononia
1546 1503 1582 1535 in
1605 1504 1723 1547 Burgo
1746 1503 1855 1535 sancti
1877 1503 1973 1535 Petri
1995 1503 2087 1536 inter

233 1553 311 1585 illos
334 1554 378 1586 de
401 1553 504 1596 Spiui
528 1561 563 1588 et
585 1556 719 1599 aliquos
743 1558 786 1590 de
809 1557 1073 1599 Maranensibus
1097 1563 1131 1589 et
1154 1556 1253 1589 multi
1277 1557 1419 1589 fuerunt
1442 1556 1623 1588 vulnerati.
1669 1557 1774 1588 Unde
1797 1556 1995 1588 ordinatum
2018 1556 2087 1588 fuit
2109 1555 2150 1587 25

233 1606 350 1638 facere
373 1607 580 1647 confinatos;
596 1615 631 1642 et
646 1619 716 1641 non
732 1610 853 1643 habuit
877 1610 1001 1648 locum,
1025 1610 1107 1653 quia
1124 1610 1256 1642 dictum
1280 1610 1349 1641 fuit
1372 1610 1465 1651 quod
1489 1609 1651 1642 volebant
1667 1609 1754 1641 bene
1777 1610 1895 1642 facere
1910 1610 2000 1642 ultra
2023 1609 2086 1642 du-

234 1665 353 1691 centos
377 1660 583 1700 confinatos3
609 1663 670 1695 sed
694 1662 751 1695 die
774 1663 940 1705 sequenti,
964 1663 1001 1695 in
1024 1673 1136 1701 mane,
1153 1663 1261 1695 solum
1278 1672 1347 1703 ΧΠ]
1363 1663 1502 1694 fuerunt
1526 1662 1691 1694 confinati
1714 1668 1748 1694 et
1771 1662 1897 1695 cridati
1919 1663 1966 1695 ad
1987 1671 2088 1695 aren-

233 1712 390 1756 gheriam
414 1714 518 1756 quod,
541 1720 727 1758 antequam
750 1717 897 1748 candela
920 1717 1187 1760 extingueretur,
1212 1716 1379 1748 deberent
1402 1725 1612 1757 comparere,
1636 1715 1721 1747 alias
1744 1715 1980 1759 intelligantur
2001 1715 2086 1748 ban-

233 1765 297 1797 niti
319 1771 357 1797 ut
379 1767 583 1808 proditores.
631 1769 726 1801 Inter
748 1779 834 1812 quos
857 1771 998 1802 fuerunt
1028 1770 1078 1802 illi
1110 1770 1154 1801 de
1178 1769 1296 1811 Spilli3
1321 1774 1355 1801 et
1378 1769 1484 1811 aliqui
1507 1768 1575 1806 alii,
1600 1768 1659 1811 qui
1686 1773 1863 1800 traxerunt
1886 1769 1933 1800 ad
1956 1768 2086 1801 dictum

234 1828 415 1858 rumorem,
439 1819 574 1853 banniti
597 1822 747 1861 fuerunt,
771 1828 806 1855 et
830 1824 898 1855 duo
924 1824 967 1855 de
989 1823 1263 1855 Maranensibus.
2108 1822 2152 1854 30

252 1915 254 1918 Ι
319 1872 386 1904 Die
401 1872 499 1914 xnrJ'
516 1874 602 1907 dicti
624 1876 760 1908 mensis.
778 1894 819 1899 —
836 1876 901 1909 Ser
922 1876 1075 1909 Michael
1092 1876 1135 1909 de
1151 1875 1371 1919 Bentevoglis
1394 1876 1523 1908 electus
1539 1875 1605 1908 fuit
1621 1875 1809 1914 barisellus,
1826 1875 1924 1918 cujus
1939 1875 2086 1907 officium

234 1925 388 1967 incipere
412 1926 514 1959 debet
537 1927 573 1959 in
590 1926 770 1972 ⁴kallendis
793 1929 917 1962 mensis
938 1929 1025 1973 julii.

322 1978 388 2011 Die
411 1988 461 2011 xv
484 1980 571 2013 dicti
593 1981 728 2014 mensis.
753 2000 795 2004 —
819 1982 965 2015 Intravit
987 1982 1023 2014 in
1046 1982 1157 2015 officio
1181 1982 1387 2025 praeconsul
1411 1992 1521 2014 novus
1537 1982 1710 2014 societatis
1733 1981 1966 2021 Notariorum,
1989 1981 2088 2014 vide-

233 2031 314 2064 licet
336 2031 480 2066 Nannes
503 2033 678 2066 Castelani
702 2035 746 2080 de
771 2035 971 2079 Gocadinis.

319 2085 386 2118 Die
408 2086 529 2119 ultimo
561 2087 646 2120 dicti
677 2088 811 2121 mensis.
845 2107 886 2112 —
909 2089 1078 2122 Dominus
1099 2088 1261 2122 Andreas
1292 2090 1335 2121 de
1367 2090 1523 2133 Foglano
1556 2090 1599 2121 de
1630 2089 1743 2132 Regio
1771 2088 1839 2121 fuit
1869 2089 1999 2121 electus
2030 2098 2088 2121 oa-
2110 2086 2152 2120 35

233 2139 393 2181 pitaneus
415 2140 535 2182 populi
557 2140 746 2180 Bononiae,
770 2142 827 2185 qui
851 2142 1006 2185 incipere
1030 2143 1135 2176 debet
1151 2142 1298 2175 officium
1315 2143 1351 2174 in
1367 2142 1538 2175 kallendis
1560 2142 1687 2174 mensis
1710 2141 1911 2184 septembris
1932 2141 2088 2184 proxime

234 2192 382 2225 venturi.

321 2245 454 2278 Eodem
477 2257 570 2280 anno
592 2239 924 2282 MCCCXXXVII.
942 2268 982 2272 —
1000 2249 1153 2288 Quidam
1170 2249 1328 2289 rusticus,
1345 2250 1400 2282 die
1416 2260 1441 2282 v
1456 2250 1582 2282 mensis
1603 2249 1689 2293 julii,
1713 2249 1891 2281 interfecit
1907 2248 2088 2292 quemdam

234 2300 278 2332 de
299 2299 403 2339 Navi,
427 2300 487 2343 qui
511 2306 585 2334 erat
609 2302 665 2334 vel
687 2312 760 2334 esse
785 2302 934 2335 debebat
958 2302 1118 2335 bannitus
1142 2303 1297 2335 comunis
1320 2303 1507 2341 Bononiae,
1531 2313 1573 2335 eo
1597 2303 1678 2346 quia
1693 2302 1916 2334 interfecerat
1931 2302 2089 2334 Fulciro-

233 2353 315 2391 lum,
338 2358 542 2396 captaneum
566 2354 610 2387 de
632 2354 821 2393 Medicina,
844 2361 883 2388 ut
905 2356 1061 2398 superius
1085 2356 1215 2398 scripsi.
1262 2355 1308 2388 Et
1330 2356 1394 2388 iste
1418 2356 1565 2388 rusticus
1587 2361 1709 2398 captus
1731 2355 1798 2387 fuit
1820 2354 1865 2387 ab
1895 2354 2090 2387 hominibus
2111 2355 2154 2386 40

234 2406 322 2442 iuius
344 2405 456 2446 villae,
479 2407 539 2440 ubi
560 2407 629 2451 ¹fuit
652 2414 815 2441 mortuus.
862 2409 940 2441 Hoc
963 2405 1118 2447 audiens,
1134 2409 1285 2452 Jacobus
1301 2410 1345 2441 de
1360 2409 1533 2448 Blanchis,
1550 2409 1631 2452 quia
1647 2414 1721 2441 erat
1736 2408 1838 2441 valde
1853 2418 1933 2440 suus
1948 2407 2088 2446 amicus,

235 2460 381 2493 accessit
415 2470 493 2492 cum
527 2460 643 2494 multis
673 2460 868 2494 hominibus
898 2462 986 2495 bene
1017 2462 1166 2495 sociatus
1196 2467 1231 2494 et
1261 2463 1399 2504 accepit
1428 2462 1524 2494 illum
1555 2462 1720 2494 rusticum
1752 2462 1796 2494 de
1826 2460 1982 2494 manibus
2011 2461 2089 2493 illo-

235 2523 320 2553 rum‚
344 2513 403 2556 qui
425 2519 590 2556 ceperant
611 2514 733 2556 ipsum.
779 2514 905 2547 Postea
928 2515 1086 2548 dominus
1107 2515 1349 2547 Brandelixius
1373 2516 1416 2547 de
1440 2507 1628 2547 Gozadinis
1651 2515 1754 2547 sensit
1777 2515 1860 2552 hoc3
1884 2519 1919 2546 et
1935 2510 2089 2556 quia'ille

235 2566 279 2598 de
300 2565 404 2604 Navi,
427 2567 486 2609 qui
509 2567 620 2609 primo
643 2567 710 2600 fuit
733 2573 897 2607 mortuus,
921 2573 994 2600 erat
1016 2568 1118 2600 valde
1141 2579 1221 2600 suus
1242 2569 1383 2607 amicus,
1407 2569 1470 2600 ivit
1493 2569 1539 2600 ad
1562 2568 1737 2600 dominum
1760 2572 1964 2609 potestatem
1985 2571 2021 2599 et
2043 2567 2090 2599 ad

234 2619 393 2651 antianos
415 2625 450 2652 et
473 2619 616 2653 multum
638 2620 800 2660 instabat,
825 2621 919 2664 quod
942 2621 1040 2653 fieret
1060 2621 1193 2665 justitia
1217 2622 1260 2654 de
1283 2621 1416 2664 Jacobo
1441 2622 1484 2654 de
1507 2621 1680 2653 Blanchis.
1728 2621 1773 2653 Et
1795 2620 1908 2663 posita
1930 2620 1998 2652 fuit
2019 2628 2090 2652 una
2111 2617 2153 2651 45

235 2672 381 2705 candela
402 2673 449 2705 ad
471 2674 710 2717 arengheriam
733 2674 838 2716 quod,
861 2679 1046 2717 antequam
1070 2675 1114 2707 sit
1137 2685 1225 2714 arsa,
1255 2674 1407 2717 Jacobus
1438 2675 1481 2707 de
1511 2674 1674 2707 Blanchis
1701 2678 1908 2716 compareat,
1939 2673 2024 2705 alias
2045 2673 2090 2705 sit

234 2731 270 2758 et
302 2736 376 2759 esse
407 2726 621 2769 intelligatur
652 2726 814 2760 bannitus
848 2728 1003 2760 comunis
1036 2728 1223 2760 Bononiae.
1269 2727 1314 2760 Et
1349 2728 1480 2760 domini
1510 2727 1642 2759 antiani
1672 2727 1829 2759 videntes
1870 2726 1963 2768 quod
1998 2726 2090 2758 inter

235 2778 409 2812 Blanchos
430 2784 464 2812 et
488 2779 684 2812 Gozadinos
713 2785 801 2813 esset
824 2781 919 2820 rissa,
943 2780 1010 2813 nisi
1032 2781 1256 2823 provideatur
1288 2781 1331 2813 de
1362 2781 1525 2818 remedio,
1556 2784 1766 2822 acceperunt
1788 2779 2040 2822 fidejussionem
2068 2789 2089 2811 a

234 2831 386 2874 qualibet
408 2837 507 2874 parte
538 2833 582 2864 de
611 2835 670 2874 VJm
693 2833 790 2866 libris
820 2833 1083 2872 bononinorum,
1115 2834 1209 2876 quod
1239 2834 1305 2876 ipsi
1336 2843 1406 2866 non
1438 2834 1563 2866 satient
1592 2833 1741 2876 aliquam
1773 2832 1970 2864 novitatem.
2017 2831 2089 2864 Sed

236 2885 292 2917 die
314 2885 469 2928 sequenti
493 2895 562 2927 non
585 2891 752 2918 steterunt
774 2892 958 2929 propterea
980 2887 1079 2926 firmi,
1102 2897 1183 2931 ymo
1205 2887 1256 2919 illi
1281 2887 1324 2920 de
1353 2887 1531 2930 Blanchis⁴
1547 2890 1767 2919 armaverunt
1790 2896 1827 2918 se
1852 2890 1887 2918 et
1918 2884 2088 2918 Gozadini
2112 2882 2155 2916 50
