2196 3424
40 1486 117 1511 Mun„
134 1487 172 1508 1⁴7

82 1651 102 1666 c.
119 1649 175 1669 7²⁶

77 2609 98 2626 c.
113 2604 168 2628 725

269 178 317 215 40
805 176 1089 213 ΜΑΤΤΗΑΕΙ
1117 176 1188 211 DE
1217 175 1562 212 GRIFFONIBUS
1947 180 2103 218 [A.1332]

265 311 386 350 rariae,
402 321 443 343 eo
468 311 548 353 quia
573 309 730 342 dominus
745 320 836 352 papa
851 309 944 341 misit
960 309 1076 341 literas
1090 308 1302 340 auctenticas
1318 308 1354 338 in
1371 307 1461 340 bona
1477 308 1589 340 forma
1605 308 1818 340 continentes
1840 308 2099 348 absolutionem,

265 375 366 407 quam
397 363 539 396 satiebat
563 363 720 395 dominus
751 373 842 404 papa
872 362 1002 394 eisdem
1025 360 1280 393 marchionibus
1311 361 1355 392 de
1385 360 1702 392 excomunicatione
1725 366 1759 393 et
1781 362 1901 403 poenis
1923 368 1957 394 et
1981 363 2024 394 de
2047 373 2100 394 re-

264 418 337 449 ditu
359 416 534 460 Argentae
555 422 590 448 et
613 416 761 448 omnium
785 416 958 448 fructuum
981 420 1015 447 et
1039 415 1082 446 de
1106 414 1198 446 omni
1221 423 1272 452 eo,
1297 413 1391 456 quod
1415 414 1580 452 fecerant,
1605 414 1743 456 quando
1766 421 1972 457 acceperant
1995 415 2099 447 Fera-

261 469 345 502 riam
376 475 497 502 contra
520 468 720 502 Ecclesiam.
767 468 812 500 Et
835 468 893 500 die
908 468 1063 511 sequenti
1088 477 1126 508 Χ]
1146 466 1305 509 januarii,
1329 466 1484 498 marchio
1507 466 1654 509 Oppico,
1671 466 1760 498 filius
1784 467 1870 500 dicti
1893 468 2100 500 marchionis

260 522 525 561 Aldrovandini‚
542 527 745 564 procurator
760 522 905 553 fratrum
921 531 1068 559 suorum,
1085 520 1249 552 videlicet
1265 519 1442 563 Raynaldi
1458 525 1492 551 et
1509 519 1658 558 Nicolai,
1674 525 1708 551 et
1725 520 1882 552 dominus
1898 519 2099 552 cardinalis'
2146 519 2164 552 5

258 575 341 608 fecit
364 574 428 607 sibi
452 575 699 607 absolutionem
723 575 766 606 de
791 574 947 606 omnibus
970 574 1072 615 pleno
1095 573 1214 610 modo;
1231 578 1265 604 et
1281 573 1366 604 fecit
1389 571 1452 604 sibi
1476 572 1510 604 in
1534 571 1690 604 manibus
1713 572 1819 615 ipsius
1843 573 1973 605 domini
1995 573 2100 617 legati

258 629 402 661 reddere
426 633 572 660 castrum
589 626 775 671 Argentae‚
792 626 1015 660 Comachium
1039 631 1074 658 et
1096 624 1196 658 Adri.
1243 625 1288 657 Et
1312 624 1406 657 dedit
1431 624 1527 657 dicto
1557 625 1748 658 marchioni
1773 625 1949 668 Oppiconi
1977 625 2099 658 civita-

257 687 325 713 tem
349 681 527 713 Ferrariae
550 690 612 722 pro
638 690 662 711 x
685 680 793 718 annis,
810 690 871 712 suo
887 679 1023 711 nomine
1046 684 1080 711 et
1103 678 1241 710 nomine
1266 677 1438 710 dictorum
1454 678 1599 710 fratrum
1615 688 1762 716 suorum,
1780 688 1843 720 pro
1860 678 2001 710 vicariis
2022 687 2100 710 san-

257 741 332 767 ctae
355 744 515 766 romanae
539 733 725 772 Ecclesiae,
749 743 812 775 pro
836 732 932 775 cujus
956 742 1060 764 censu
1083 731 1314 773 promiserunt
1337 730 1403 763 sibi
1429 730 1511 762 dare
1534 740 1625 763 anno
1649 730 1803 773 quolibet
1826 733 1871 762 x¹¹²
1896 731 2098 763 ducatorum

258 787 345 828 auri,
370 793 435 820 etc,

344 840 475 873 Eodem
498 849 600 872 anno.
624 858 666 862 ——-
690 838 953 871 Ambaxiatores
977 837 1109 870 domini
1133 837 1240 880 legati
1271 843 1306 869 et
1336 837 1492 869 comunis
1523 836 1701 869 Bononiae
1731 836 1914 869 existentes
1938 836 1976 868 in
2003 836 2100 869 curia

255 903 396 925 romana
419 893 512 935 apud
534 903 671 935 papam,
696 891 861 924 videlicet
886 891 1045 923 dominus
1067 890 1287 923 Rolandinus
1311 890 1354 922 de
1371 890 1525 922 Galuciis
1547 895 1582 922 et
1605 889 1764 922 dominus
1786 890 1938 922 Thomas
1954 890 1998 922 de
2014 889 2099 922 For-

254 946 425 990 maglinis,
449 945 614 978 miserunt
637 945 755 977 literas
779 944 920 977 domino
946 944 1061 988 legato
1091 949 1126 976 et
1151 943 1290 975 comuni
1321 943 1499 975 Bononiae
1530 943 1747 975 continentes
1777 943 1814 974 in
1845 943 1974 975 effectu
2005 942 2099 985 quod

255 999 413 1031 dominus
436 1009 527 1041 papa
549 1004 583 1030 et
606 1007 722 1030 omnes
746 997 941 1029 cardinales
965 1002 999 1029 et
1022 1002 1095 1029 tota
1119 996 1217 1028 curia
1240 1006 1383 1028 romana
1406 995 1567 1028 volebant
1590 996 1709 1028 venire
1737 995 1784 1028 ad
1807 995 2034 1028 habitandum
2061 995 2099 1027 in

252 1052 420 1091 Bononia,
445 1058 618 1094 tamquam
643 1051 680 1082 in
703 1051 854 1088 civitate,
879 1061 981 1092 quam
1006 1050 1164 1082 dominus
1187 1060 1279 1091 papa
1302 1048 1484 1091 reputabat
1506 1059 1579 1081 esse
1595 1059 1764 1081 cameram
1781 1048 1976 1086 Ecclesiam
2000 1053 2035 1080 et
2054 1048 2098 1081 de
2126 1047 2162 1080 15

253 1106 319 1137 hoc
343 1105 408 1137 fuit
431 1105 562 1137 factum
585 1114 746 1148 magnum
770 1104 895 1135 festum
919 1108 954 1135 et
977 1113 1103 1147 magna
1126 1103 1255 1135 laetitia
1278 1113 1341 1144 per
1363 1107 1472 1134 totum
1495 1102 1659 1144 popolum
1683 1102 1831 1134 civitatis
1862 1101 2041 1134 Bononiae
2062 1107 2098 1134 et

249 1169 312 1200 per
334 1168 450 1190 omnes
472 1162 563 1189 artes
585 1162 619 1189 et
642 1156 921 1200 praeconicatum
945 1156 1011 1188 fuit
1034 1155 1211 1188 Bononiae
1235 1155 1372 1198 publice
1396 1160 1430 1187 et
1453 1155 1524 1187 alta
1548 1165 1634 1187 voce
1659 1155 1702 1187 de
1725 1155 1877 1187 adventu
1890 1154 2020 1187 domini
2036 1164 2098 1187 no-

252 1211 314 1244 stri
337 1221 448 1254 papae
471 1210 508 1242 in
531 1210 700 1243 Bononia.

339 1264 471 1297 Eodem
494 1273 595 1301 anno,
620 1263 678 1296 die
700 1273 754 1304 VIJ
777 1262 954 1295 februarii.
972 1281 1013 1285 ——
1029 1262 1209 1295 Venerunt
1225 1262 1338 1294 adhuc
1355 1262 1475 1294 literae
1491 1262 1632 1304 papales
1649 1262 1784 1294 comuni
1800 1261 1986 1300 Bononiae,
2003 1261 2098 1304 quod

251 1318 419 1350 adventus
442 1316 572 1350 domini
596 1327 707 1359 papae
729 1317 766 1348 in
789 1315 947 1348 Bononia
971 1321 1043 1348 erat
1067 1315 1226 1348 obtentus
1249 1321 1284 1347 et
1309 1315 1517 1347 deliberatus
1539 1315 1574 1347 in
1599 1314 1813 1347 consistorio.
2119 1314 2162 1346 20

339 1371 471 1404 Eodem
495 1379 597 1409 anno,
623 1370 679 1402 die
702 1379 782 1410 XXIJ
806 1368 981 1402 februarii.
1007 1387 1048 1391 —-
1071 1368 1238 1400 Dominus
1261 1369 1393 1412 legatus
1416 1368 1511 1400 venit
1534 1368 1722 1400 honorifice
1738 1368 1898 1400 sociatusx
1916 1377 1994 1400 cum
2024 1366 2097 1410 epi-

248 1424 370 1467 scopis,
393 1423 557 1466 praelatis
571 1428 606 1455 et
621 1423 697 1455 aliis
721 1422 893 1455 nobilibus
909 1422 945 1453 in
961 1422 1088 1464 palatio
1106 1422 1236 1454 domini
1259 1422 1436 1464 potestatis
1451 1431 1554 1463 super
1569 1421 1791 1464 arengheria3
1815 1426 1850 1453 et
1866 1430 1969 1463 super
1982 1420 2097 1462 platea

249 1483 323 1510 erat
338 1477 436 1520 quasi
452 1481 543 1510 totus
564 1474 729 1519 populus‚'
746 1485 862 1508 coram
887 1485 955 1518 quo
978 1475 1116 1507 fuerunt
1132 1474 1328 1517 publicatae
1343 1475 1482 1507 literrae
1499 1474 1629 1507 domini
1644 1485 1755 1517 papae
1771 1474 1986 1506 notificantes
1999 1483 2096 1506 suum

249 1529 435 1561 adventum
457 1528 504 1560 ad
526 1528 686 1560 standum
710 1526 895 1558 Bononiae.
941 1525 986 1558 Et
1008 1526 1066 1558 ille
1089 1526 1335 1558 famosissimus
1352 1526 1475 1558 doctor
1489 1525 1719 1563 bononiensis,
1744 1525 1803 1568 qui
1826 1525 1864 1556 in
1879 1524 2010 1557 mundo
2025 1533 2094 1556 non

249 1581 398 1614 habebat
421 1581 573 1620 similem,
596 1581 688 1623 ipsas
710 1580 827 1612 literas
850 1589 909 1612 ore
932 1579 1072 1621 proprio
1098 1579 1298 1617 declaravit,
1322 1578 1485 1611 videlicet
1509 1578 1668 1611 dominus
1691 1578 1865 1621 Johannes
1887 1576 2059 1610 Andreae.
2117 1575 2159 1608 25

337 1634 470 1667 Eodem
494 1643 596 1674 anno,
621 1634 677 1666 die
700 1643 726 1665 x
748 1632 873 1665 martii.
899 1651 940 1655 -—
970 1632 1151 1665 Praefatus
1183 1632 1342 1664 dominus
1371 1632 1504 1675 legatus
1535 1631 1597 1664 ivit
1628 1631 1910 1669 Romandiolam,
1941 1640 1984 1662 eo
2014 1630 2095 1673 quia

248 1689 362 1721 factus
383 1689 451 1720 fuit
474 1697 589 1720 comes
610 1686 862 1719 Romandiolae
885 1691 920 1718 et
943 1696 1021 1718 cum
1036 1686 1111 1727 ipso
1133 1685 1268 1717 iverunt
1290 1685 1388 1717 multi
1412 1684 1579 1717 notabiles
1595 1684 1687 1716 cives
1709 1684 1885 1716 Bononiae
1892 1695 1902 1722 3
1918 1688 1953 1716 et
1975 1683 2038 1716 ivit
2058 1682 2095 1715 in

248 1741 389 1774 civitate
410 1740 597 1774 Faventiae
619 1745 654 1773 et
677 1745 759 1772 tunc
784 1739 941 1772 dominus
964 1738 1162 1771 Sinibaldus
1185 1739 1229 1771 de
1252 1737 1440 1770 Ordelaffis
1472 1738 1515 1770 de
1545 1737 1697 1770 Forlivio
1724 1742 1759 1769 et
1781 1737 1997 1775 Franciscus,
2024 1735 2096 1778 ejus

246 1794 345 1833 filius,
360 1799 395 1827 et
411 1804 528 1827 omnes
550 1793 608 1826 alii
632 1793 676 1826 de
699 1792 887 1825 Ordelaffis
911 1802 989 1824 cum
1013 1791 1171 1824 omnibus
1192 1791 1460 1823 Forliviensibus
1476 1795 1643 1823 venerunt
1658 1791 1704 1822 ad
1728 1790 1890 1822 mandata
1920 1789 2006 1822 dicti
2029 1788 2094 1821 do-

246 1848 331 1880 mini
353 1847 459 1892 legati
481 1852 517 1880 et
539 1845 717 1879 Ecclesiae
740 1851 775 1878 et
798 1845 954 1878 comunis
975 1844 1165 1882 Bononiae;
1182 1850 1216 1877 et
1232 1844 1460 1876 incontinenti
1475 1842 1616 1876 intravit
1632 1843 1806 1875 civitatem
1822 1842 1968 1875 Forlivii
1984 1841 2094 1874 hono·
2117 1841 2160 1873 30

246 1901 340 1934 rifice
363 1907 397 1933 et
419 1899 538 1933 habuit
561 1909 678 1932 omnes
701 1899 857 1931 civitates
880 1898 1133 1930 Romandiolae
1156 1898 1192 1929 in
1215 1897 1306 1930 bona
1329 1907 1425 1939 pace.

332 1954 466 1987 Eodem
489 1963 591 1986 anno.
616 1971 657 1975 —
680 1951 802 1984 Dictus
825 1950 983 1983 dominus
1005 1951 1137 1994 legatus
1159 1951 1273 1982 factus
1295 1949 1362 1982 fuit
1384 1959 1448 1992 pro
1471 1949 1628 1982 Ecclesia
1651 1949 1805 1981 marchio
1820 1948 1998 1980 Marchiae
2019 1946 2095 1980 An-

245 2008 425 2040 conitanae
447 2012 482 2040 et
504 2001 595 2038 misit
617 2005 666 2039 ibi
688 2011 807 2049 gentes
829 2015 907 2037 suas
928 2009 963 2036 et
986 2003 1120 2046 paravit
1135 2014 1171 2036 se
1187 2003 1236 2036 ire
1252 2014 1330 2036 cum
1353 2003 1468 2035 multis
1491 2003 1589 2036 bonis
1605 2002 1797 2035 hominibus
1821 2002 1864 2034 de
1887 2001 2043 2033 Bononia
2057 2006 2093 2033 et

245 2061 290 2094 de
310 2060 529 2093 Lombardia.
1850 2067 1854 2070 ·

333 2114 464 2147 Eodem
488 2123 590 2146 anno.
615 2131 656 2136 ——
679 2112 846 2145 Dominus
869 2111 1039 2144 Mastinus
1064 2111 1107 2143 de
1129 2110 1164 2143 la
1188 2110 1291 2143 Scala
1316 2110 1359 2143 de
1382 2110 1523 2143 Verona
1545 2114 1580 2142 et
1603 2109 1817 2141 marchiones
1847 2108 2027 2141 Ferrariae
2056 2112 2092 2139 et
2113 2105 2174 2143 35,

245 2167 403 2200 dominus
424 2166 622 2211 Ludovicus
645 2166 689 2198 de
712 2165 879 2209 Goncaga
902 2165 1059 2197 dominus
1081 2164 1248 2196 Mantuae
1270 2174 1333 2205 per
1355 2162 1586 2205 proditionem
1601 2167 1810 2204 acceperunt
1826 2161 2000 2194 civitatem
2015 2160 2092 2193 Bri-

244 2221 320 2253 xiae
343 2231 406 2263 per
427 2230 548 2252 manus
570 2219 786 2261 proditorum
809 2218 1046 2256 brixiensium3
1063 2222 1097 2249 et
1113 2227 1176 2259 per
1197 2216 1379 2259 pecuniam
1402 2215 1594 2248 habuerunt
1610 2221 1759 2247 castrum
1782 2214 1918 2247 Brixiae
1938 2220 1972 2246 et
1986 2214 2093 2247 inter-

244 2275 402 2307 fecerunt
424 2274 549 2306 multos
571 2271 777 2317 ghibellinos
799 2271 937 2304 Brixiae
960 2275 1082 2303 contra
1104 2270 1315 2302 voluntatem
1340 2269 1469 2301 domini
1493 2269 1583 2313 regis
1606 2268 1778 2301 Boemiae.

333 2327 466 2360 Eodem
488 2335 590 2359 anno.
614 2344 656 2349 —-
679 2325 845 2357 Dominus
868 2324 1054 2357 cardinalis
1076 2323 1255 2367 Pelagrue,
1279 2333 1386 2365 nepos
1414 2322 1544 2355 domini
1575 2332 1686 2364 papae
1716 2321 1913 2360 Clementis,
1945 2320 2091 2354 decessit

244 2386 278 2413 et
301 2380 491 2413 vocabatur
512 2378 698 2411 Arnaldus.
2112 2374 2156 2406 40

331 2433 464 2466 Eodem
485 2441 587 2465 ann0.
611 2450 653 2454 —
675 2431 834 2464 Mortuus
848 2436 900 2464 est
922 2430 1103 2473 episcopus
1117 2430 1304 2469 Bononiae,
1322 2429 1479 2462 dominus
1502 2428 1697 2471 Stephanus
1712 2427 1887 2472 Agonetti,
1910 2427 1946 2460 in
1969 2431 2090 2460 sancto

247 2487 373 2520 Petro..
934 2510 939 2515 ,

331 2540 464 2573 Eodem
487 2549 589 2572 anno.
614 2557 655 2561 —
678 2537 836 2571 Mortuus
858 2543 910 2571 est
933 2548 1048 2571 comes
1070 2537 1241 2582 Rogerius
1265 2537 1309 2570 de
1330 2536 1512 2569 Dovadola
1536 2537 1580 2569 de
1602 2535 1846 2568 Romandiola.

331 2593 463 2626 Eodem
485 2602 577 2625 anno
599 2591 894 2625 M.CCCXXXII.
918 2609 959 2614 -—
982 2590 1141 2623 Mortuus
1162 2595 1214 2622 est
1245 2590 1401 2623 dominus
1432 2590 1616 2633 Fulgossus
1647 2589 1691 2621 de
1721 2588 1839 2630 Papia,
1870 2586 2024 2620 marchio
2052 2591 2089 2618 et

243 2646 472 2679 thesaurarius
494 2645 598 2691 totius
619 2644 799 2677 Marchiae
822 2644 1061 2682 anconitanae,
1083 2649 1118 2676 et
1134 2643 1290 2685 supultus
1313 2643 1381 2675 fuit
1403 2642 1580 2675 Bononiae
1602 2642 1640 2673 in
1664 2641 1792 2674 Sancto
1814 2639 2008 2672 Dominico.
2109 2636 2151 2670 45

331 2699 463 2732 Eodem
485 2707 586 2731 auno.
612 2715 653 2720 ——
676 2698 705 2730 F
706 2696 870 2729 lorentini
892 2696 1030 2730 iverunt
1050 2696 1088 2729 in
1110 2696 1298 2728 exercitum
1313 2695 1360 2728 ad
1376 2695 1550 2728 civitatem
1565 2693 1708 2727 Luchae
1723 2703 1801 2726 cum
1818 2692 1975 2735 Spinetta
1997 2702 2088 2724 mat·-

244 2752 369 2785 chione
392 2752 435 2784 de
461 2749 674 2792 Malaspinis.

330 2805 463 2838 Eodem
485 2813 587 2836 anno.
612 2821 653 2826 —
675 2802 843 2838 Dominus
864 2802 964 2848 Acco
995 2803 1039 2836 de
1061 2802 1330 2836 Vicecomitibus
1352 2800 1541 2834 Mediolani
1557 2806 1591 2833 et
1607 2800 1657 2832 illi
1674 2799 1766 2833 dela
1789 2797 1927 2837 Schala,
1944 2798 1988 2830 de
2002 2798 2085 2831 Ferh

2126 784 2164 816 10

2115 2051 2146 2063 ν

329 2911 344 2940 7
364 2905 530 2939 marchioni]
548 2914 627 2938 segue
644 2912 695 2930 suo
714 2906 828 2931 nomine
846 2905 988 2930 cancellato
1002 2916 1012 2922 -
1025 2903 1176 2939 Oppiconi]
1189 2912 1268 2936 segue
1286 2910 1337 2929 suo
1356 2903 1472 2928 nomine
1486 2902 1628 2928 cancellato
1642 2914 1674 2919 -
1689 2904 1720 2932 25
1735 2899 1920 2925 videlicet....
1940 2896 2082 2930 Andreae]

235 2949 331 2982 parole
348 2949 477 2982 aggiunte
489 2946 540 2980 pit}
557 2947 634 2973 tardi
652 2961 684 2965 —
703 2953 735 2980 31
760 2947 840 2972 Codn·
858 2947 1043 2972 Romadiolae
