2242 3418
113 2210 162 2229 um,
175 2204 211 2224 221

113 2633 133 2649 e.
148 2632 188 2652 171
201 2627 214 2649 b

295 159 366 196 100
826 152 1003 189 ΜΑΤΤΙ
998 151 1108 187 IAEI
1135 151 1206 186 DE
1235 149 1580 186 GRIFFONIBUS
1972 156 2021 191 [Α.
2042 158 2127 192 1412]

374 290 440 322 Die
456 298 534 330 xX1J
551 286 637 320 dicti
653 285 778 318 mensis
793 284 880 330 julii.
906 303 947 307 —
971 283 1121 326 Campus
1144 281 1297 327 gentium
1322 281 1479 314 comunis
1501 279 1689 320 Bononiae,
1714 281 1773 325 qui
1796 286 1870 315 erat
1892 283 1938 316 ad
1962 282 2126 316 Sanctum

287 343 488 386 Johannem,
511 350 665 372 reversus
687 344 738 371 est
760 338 961 371 Bononiam.

375 395 505 427 Eodem
528 402 630 431 anno,
648 392 705 425 die
722 401 797 424 xxv
812 390 959 434 augusti.
977 409 1017 412 —
1035 389 1090 422 111i
1108 390 1151 422 de
1167 387 1306 430 Pepolis
1321 393 1356 420 et
1373 387 1417 420 de
1434 387 1629 427 Guidoctis,
1647 398 1724 420 curn
1742 389 1857 422 multis
1873 389 1951 422 aliis
1968 391 2011 423 de
2031 396 2128 432 parte

287 447 486 480 schachensi
510 446 605 478 circa
628 445 812 477 secundam
836 444 955 476 horam
978 442 1091 474 noctis
1114 445 1292 474 traxerunt
1307 441 1353 473 ad
1369 451 1464 472 arma
1480 441 1526 472 ad
1542 440 1691 482 plateam
1707 446 1742 473 et
1759 442 1989 484 deposuerunt
2004 448 2128 475 statum

286 500 454 533 artificum
478 505 512 531 et
535 499 693 530 fecerunt
716 507 823 529 novos
845 497 1004 528 antianos
1019 500 1054 527 et
1070 504 1176 527 novos
1193 493 1459 526 confalonerios.
1507 493 1552 526 Et
1569 494 1626 526 die
1642 495 1810 537 sequenti,
1835 496 1916 528 dum
1939 502 2052 528 essent
2075 507 2130 528 ar-
2175 495 2193 528 5

286 553 368 585 mati
392 552 428 584 in
452 551 568 584 curtili
592 550 720 593 palacii
743 550 971 587 antianorum,
996 548 1200 580 interfectus
1223 546 1291 579 fuit
1313 545 1466 589 Jacobus
1489 546 1532 579 de
1554 546 1755 579 Manzolino
1778 547 1935 581 becarius
1958 549 2001 582 de
2023 554 2130 581 strata

286 605 422 650 Majori,
440 604 499 648 qui
516 605 628 636 fuerat
651 602 855 646 principalis
870 603 916 635 ad
931 600 1176 643 accipiendum
1193 605 1317 631 statum
1334 600 1378 632 de
1393 599 1551 631 manibus
1567 605 1707 632 sanctae
1721 599 1846 633 Matris
1869 601 2058 634 Ecclesiae.
2085 603 2131 634 Et

287 658 373 691 dicti
389 658 471 690 novi
486 656 619 690 antiani
636 658 775 689 fuerunt
790 656 839 694 hi,
856 654 1037 688 videlicet:
1056 653 1216 686 dominus
1231 653 1383 685 Thomas
1400 653 1443 685 de
1461 652 1590 685 Sancto
1605 653 1764 696 Johanne
1779 655 1892 698 legum
1913 656 2044 695 doctor,
2069 657 2131 688 do-

285 710 397 743 minus
417 709 595 743 Melchion
614 710 658 742 de
680 708 839 752 Macolis‚
862 708 1038 752 Johannes
1055 707 1098 740 de
1114 706 1312 745 Madalena,
1328 705 1451 738 Petrus
1475 706 1519 738 de
1543 705 1717 745 Guidotis‚
1733 706 1933 740 Ludovicus
1950 709 1994 741 de
2016 708 2131 742 Coda-

284 763 418 808 gnellis,
430 763 555 796 Paulus
571 763 615 796 de
629 761 757 801 Lectis,
773 761 955 794 Mathaeus
968 761 1011 793 de
1024 759 1275 803 Papaconibus,
1291 758 1443 802 Jacobus
1459 759 1503 791 de
1520 758 1660 791 Sanutis
1675 764 1711 791 et
1727 759 1928 793 Sibaldinus
1941 761 2130 804 draperius.
2158 763 2196 795 10

377 816 508 848 Eodem
531 825 622 848 anno
638 813 880 848 MCCCCXII.
906 832 946 836 —-
971 813 1146 856 Johannes
1162 813 1206 845 de
1222 811 1443 845 Griffonibus
1459 811 1527 844 fuit
1543 812 1674 844 electus
1689 818 1840 855 potestas
1855 814 2009 846 civitatis
2024 814 2132 847 Muti-

286 879 360 909 nae,
383 868 443 901 ubi
466 868 612 901 accessit
635 868 693 901 die
715 867 827 910 primo
851 866 977 899 mensis
1000 865 1148 910 augusti.

372 921 503 954 Eodem
526 931 628 960 anno,
653 921 711 954 die
735 929 817 962 me
840 918 1052 962 septembris.
1070 937 1112 942 —-
1129 918 1298 952 Nicolaus
1314 919 1358 952 de
1381 918 1617 952 Zambecariis
1640 929 1800 962 campsor
1822 920 1891 953 fuit
1914 920 2036 954 missus
2058 921 2133 955 Ro-

285 985 361 1008 mae
383 975 429 1008 ad
453 975 614 1007 confines.

372 1027 438 1060 Die
461 1037 540 1069 xxij
563 1027 651 1060 dicti
674 1026 800 1059 mensis
823 1025 1037 1068 septembris.
1055 1044 1097 1049 —
1115 1026 1170 1058 Illi
1188 1026 1231 1059 de
1248 1025 1408 1059 domibus
1430 1031 1465 1058 et
1488 1025 1588 1058 bonis
1612 1025 1756 1058 familiis
1773 1026 1927 1060 civitatis
1942 1026 2131 1068 Bononiae,
2159 1026 2196 1060 15

285 1080 344 1124 qui
367 1086 573 1123 acceperant
589 1085 713 1113 statum
731 1080 774 1113 de
790 1079 948 1112 manibus
963 1079 1134 1111 artificum
1150 1084 1185 1112 et
1200 1078 1430 1122 popularium,
1447 1079 1687 1112 cridaverunt:
1706 1098 1747 1102 ——
1764 1079 1854 1112 Viva
1869 1080 1903 1113 la
1918 1080 2073 1114 Ghiesial
2090 1099 2131 1104 —

284 1139 318 1166 et
345 1134 514 1167 dederunt
545 1133 735 1166 dominium
767 1132 921 1165 civitatis
951 1132 1129 1165 Bononiae
1160 1137 1300 1165 sanctae
1329 1131 1437 1164 Matri
1461 1132 1639 1164 Ecclesiae
1670 1138 1704 1165 et
1734 1139 1922 1175 posuerunt
1953 1134 2131 1167 dominum

284 1186 482 1229 episcopum
504 1186 795 1219 Montisflasconis
817 1186 895 1219 loco
920 1186 1052 1219 domini
1077 1186 1185 1218 nostri
1209 1196 1320 1228 papae
1351 1186 1388 1218 in
1419 1185 1567 1228 palacio,
1590 1185 1650 1229 qui
1674 1195 1743 1218 una
1765 1196 1843 1219 cum
1866 1187 2017 1220 antianis
2039 1187 2134 1220 stetit

284 1239 321 1271 in
343 1239 484 1282 palatio,
509 1239 619 1272 donec
643 1239 803 1272 dominus
825 1249 917 1282 papa
939 1231 1033 1271 misit
1055 1238 1115 1271 hic
1139 1249 1244 1271 unum
1267 1239 1427 1283 legatum.

371 1292 437 1325 Die
446 1301 538 1334 xv11J
545 1292 706 1325 octobris.
716 1311 758 1315 —
767 1292 934 1325 Homines
947 1292 1068 1325 Sancti
1076 1292 1266 1336 Johannisc
1276 1292 1492 1325 ridaverunt:
1503 1311 1544 1315 —
1553 1292 1643 1326 Viva
1655 1292 1689 1325 la
1699 1292 1855 1326 Ghiesial
1865 1313 1906 1317 —
1915 1300 1950 1327 et
1958 1293 2133 1328 Antonius
2155 1296 2199 1327 20

285 1346 329 1379 de
340 1346 523 1379 Guidoctis
537 1346 684 1379 accessit
699 1345 749 1379 ibi
761 1351 796 1378 et
807 1346 956 1378 firmavit
973 1356 1088 1378 secum
1105 1346 1259 1388 capitula
1276 1355 1344 1378 una
1360 1356 1439 1378 cum
1456 1346 1632 1390 Ugutione
1650 1346 1693 1379 de
1707 1346 1901 1380 Contrariis
1918 1348 1962 1381 de
1978 1347 2132 1381 Feraria.

373 1398 505 1433 Eodem
521 1399 713 1438 millesimo,
738 1399 796 1432 die
812 1408 891 1440 xxm
907 1398 1069 1432 octobris.
1088 1418 1129 1422 —
1145 1399 1298 1432 Bandita
1314 1398 1382 1431 fuit
1397 1399 1576 1431 Bononiae
1592 1410 1661 1442 pax
1676 1399 1769 1432 inter
1785 1400 1963 1433 dominum
1979 1407 2132 1434 nostrum

285 1462 410 1495 papam
430 1453 624 1496 Johannem
646 1452 768 1486 XXIII
791 1463 834 1484 ex
856 1462 926 1485 una
949 1458 1047 1494 parte
1070 1457 1105 1485 et
1129 1451 1308 1485 dominum
1332 1463 1447 1496 regem
1470 1452 1691 1485 Lancislaum
1716 1463 1759 1485 ex
1782 1459 1880 1495 parte
1903 1454 2022 1487 altera.

371 1504 438 1537 Die
460 1514 569 1547 xme
592 1505 681 1539 dicti
712 1505 849 1538 mensis.
874 1524 916 1528 —
947 1505 1117 1538 Dominus
1148 1505 1325 1549 Johannes
1357 1506 1400 1538 de
1431 1505 1600 1545 Bononia,
1623 1505 1732 1538 abbas
1754 1506 1867 1539 sancti
1890 1506 2041 1547 Proculi,
2065 1507 2134 1540 fuit

284 1558 398 1590 factus
419 1558 602 1601 episcopus
623 1558 801 1591 Bononiae
823 1563 858 1591 et
880 1558 1018 1600 accepit
1041 1563 1194 1591 tenutam
1217 1558 1437 1600 episcopatus
1460 1558 1692 1591 bononiensis.
2157 1560 2198 1594 25

372 1610 505 1644 Eodem
520 1610 762 1651 MCCCCXII,
780 1611 838 1645 die
863 1611 1040 1644 dominica
1055 1621 1132 1643 xxx
1147 1611 1274 1644 mensis
1290 1611 1454 1651 octobris,
1471 1612 1556 1644 hora
1573 1621 1661 1653 XVIJ.
1675 1631 1716 1635 —-
1733 1612 2057 1647 Reverendissimus
2072 1625 2134 1658 pa-

285 1669 338 1696 ter
352 1669 386 1696 et
403 1664 572 1704 dominus,
590 1664 750 1698 dominus
764 1664 966 1698 Ludovicus
982 1665 1026 1698 de
1042 1663 1159 1697 Flisco
1176 1665 1220 1697 de
1235 1665 1358 1708 janua,
1383 1664 1573 1697 cardinalis
1596 1665 1730 1709 legatus
1752 1666 1974 1708 apostolicus,
1990 1667 2135 1701 intravit

284 1716 475 1750 Bononiam
497 1718 600 1751 valde
622 1718 813 1751 honorifice
828 1718 875 1751 ad
889 1717 1151 1762 gubernandum
1175 1717 1352 1750 civitatem
1375 1717 1554 1750 Bononiae
1577 1728 1640 1760 pro
1657 1724 1776 1751 sancta
1799 1729 1942 1753 romana
1964 1720 2134 1754 Ecclesia.

371 1769 438 1803 Die
460 1780 499 1812 xJ
521 1770 718 1804 novembris
742 1770 830 1804 dicti
853 1771 947 1803 anni.
974 1789 1015 1794 —
1047 1771 1216 1803 Dominus
1240 1770 1429 1803 cardinalis
1452 1770 1652 1813 praedictus
1675 1771 1769 1804 misit
1793 1772 2037 1816 infrascriptos
2062 1785 2135 1806 am-

285 1822 478 1856 baxiatores
502 1824 643 1857 domino
665 1834 794 1867 papae,
818 1823 1000 1857 videlicet:
1035 1824 1194 1857 dominus
1225 1823 1409 1856 Galeacius
1433 1824 1477 1857 de
1499 1824 1638 1867 Pepolis
1661 1825 1770 1864 miles,
1803 1826 1962 1859 dominus
1983 1827 2135 1871 Jacobus
2157 1828 2201 1860 30

285 1876 330 1909 de
353 1875 504 1910 Saliceto
526 1878 641 1922 leg-um
666 1878 800 1917 doctor,
818 1877 978 1910 dominus
993 1877 1135 1910 Marcus
1153 1878 1196 1911 de
1213 1877 1375 1910 Canitulo
1399 1878 1513 1922 legum
1539 1878 1672 1918 doctor,
1689 1878 1854 1912 Chabriel
1878 1880 1922 1912 de
1946 1880 2134 1920 Guidottis,

284 1928 493 1963 Benedictus
516 1930 561 1963 de
582 1931 617 1963 la
635 1930 745 1964 Ratta
767 1930 933 1971 notarius,
958 1930 1167 1964 Laurentius
1191 1931 1235 1964 de
1258 1929 1383 1973 Cospis
1413 1936 1595 1970 mercator,
1619 1930 1783 1964 Albertus
1813 1932 2016 1975 capitaneus
2046 1944 2135 1966 mer-

285 1988 382 2015 cator
403 1988 438 2015 et
459 1983 635 2026 Johannes
659 1984 703 2017 de
726 1983 906 2016 Malviciis
930 1989 1111 2017 mercator.
1454 1995 1458 1999 ’

375 2036 509 2068 Eodem
532 2045 624 2069 anno
647 2036 893 2076 MCCCCXII,
910 2038 955 2071 de
970 2047 1086 2070 mense
1110 2037 1317 2070 novembris.
1336 2056 1377 2061 —
1395 2037 1565 2070 Dominus
1587 2048 1679 2081 papa
1702 2037 1796 2071 misit
1819 2038 1857 2070 in
1880 2039 2022 2083 scriptis
2038 2039 2135 2074 dicto

287 2088 427 2123 domino
442 2090 556 2135 legato
579 2089 721 2123 nomina
743 2089 1047 2133 infrascriptorum
1072 2090 1213 2130 civium,
1237 2091 1298 2135 qui
1322 2091 1472 2124 debeant
1487 2102 1559 2124 esse
1577 2091 1620 2124 de
1637 2091 1784 2124 consilio
1802 2092 1890 2125 dicti
1907 2093 2041 2126 domini
2058 2104 2134 2126 car·
2156 2093 2198 2126 35

287 2141 424 2183 dinalis,
439 2148 478 2176 ut
493 2143 531 2175 in
547 2142 706 2176 omnibus
728 2143 848 2176 arduis
871 2143 1030 2188 negociis
1052 2144 1146 2187 ipsos
1162 2144 1316 2188 requirat
1332 2150 1367 2178 et
1382 2145 1486 2178 fatiat
1509 2155 1588 2177 cum
1612 2145 1759 2178 consilio
1782 2145 1957 2188 ipsorum:
1975 2146 2135 2180 dominus

288 2195 404 2229 Guido
435 2197 480 2230 de
502 2195 657 2240 Pepolis'
679 2196 787 2236 miles,
803 2197 973 2235 *dominus
996 2197 1174 2241 Ricardus
1190 2197 1234 2231 de
1250 2197 1390 2240 Pepolis
1412 2198 1521 2237 miles,
1547 2198 1706 2231 dominus
1728 2198 1880 2242 Jacobus
1903 2199 1947 2232 de
1970 2199 2134 2233 Ysolanis

287 2248 420 2289 doctor,
452 2249 613 2283 dominus
634 2249 804 2282 Nicolaus
827 2250 872 2283 de
893 2249 1133 2284 Aldrovandis
1155 2251 1263 2290 miles,
1289 2251 1450 2284 dominus
1473 2251 1653 2284 Melchion
1677 2252 1720 2284 de
1743 2251 1917 2296 Mancolis
1939 2252 2048 2292 miles,
2073 2253 2136 2286 do·-

286 2301 399 2334 minus
421 2302 663 2336 Lambertinus
686 2303 731 2336 de
756 2301 919 2336 Canitulo
942 2303 1051 2343 miles,
1069 2303 1229 2337 dominus
1251 2304 1386 2347 Lippus
1403 2304 1447 2337 de
1464 2304 1661 2337 Ghisileriis
1684 2304 1793 2344 miles,
1818 2305 1978 2338 dominus
2000 2305 2134 2339 Batista

287 2355 331 2388 de
352 2354 574 2400 Bentevoglis
595 2355 704 2396 miles,
720 2355 895 2389 Antonius
919 2357 963 2390 de
987 2357 1182 2397 Guidoctis,
1204 2357 1388 2390 Mathaeus
1413 2358 1456 2391 de
1481 2357 1711 2397 Griffonibus,
1735 2357 1861 2391 Paulus
1878 2358 1922 2392 de
1937 2358 2134 2392 Vatalianis
2157 2361 2199 2392 40

286 2409 501 2452 stracarolus,
524 2407 684 2443 Andreas
707 2410 751 2443 de
772 2409 986 2443 Albertuciis
1012 2416 1133 2451 sartor,
1166 2411 1326 2444 dominus
1356 2411 1520 2444 Cambius
1551 2412 1596 2445 de
1626 2411 1860 2445 Zambecariis
1892 2412 2026 2452 doctor,
2055 2412 2133 2445 Ma-

287 2461 407 2493 thaeus
430 2461 474 2494 de
497 2461 739 2506 Papaconibus
762 2472 930 2505 campsor,
954 2463 1088 2496 Batista
1112 2463 1156 2497 de
1179 2463 1295 2496 Poetis
1318 2469 1499 2496 mercator.

374 2514 506 2547 Eodem
527 2525 631 2554 anno,
653 2514 698 2548 de
720 2524 837 2548 mense
860 2515 1065 2549 novembris.
1090 2534 1131 2539 ——
1155 2516 1315 2550 Castrum
1331 2517 1519 2550 Corvariae
1545 2500 1729 2550 comitatus
1751 2517 1879 2550 Imolae
1894 2528 1930 2550 se
1953 2517 2134 2552 rebellavit

288 2572 409 2599 contra
431 2567 623 2600 Ecclesiam
646 2573 681 2601 et
704 2568 872 2601 dederunt
894 2578 931 2601 se
952 2568 1176 2602 Lambertino
1200 2569 1389 2614 Ugutionis
1412 2570 1455 2602 de
1479 2570 1602 2615 Gagio.

376 2619 508 2653 Eodem
530 2630 633 2660 anno,
656 2621 714 2654 die
736 2631 816 2663 xxij
838 2621 1041 2655 decembris.
1058 2641 1100 2646 -
1115 2622 1194 2655 Duo
1209 2633 1251 2655 ex
1274 2623 1518 2666 suprascriptis
1540 2624 1844 2664 ambaxiatoribus,
1867 2624 1980 2658 missis
2002 2625 2048 2658 ad
2071 2625 2134 2658 do-
2157 2624 2198 2657 45

288 2672 419 2705 minum
441 2678 594 2706 nostrum
616 2683 753 2716 papam,
776 2675 905 2707 reversi
927 2676 1069 2708 fuerunt
1097 2674 1301 2716 Bononiam,
1324 2676 1490 2710 videlicet
1521 2677 1681 2710 dominus
1715 2677 1890 2711 Galeatius
1921 2677 1964 2710 de
1994 2677 2134 2720 Pepolis

289 2725 387 2758 miles
407 2730 442 2758 et
464 2726 627 2759 Chabriel
651 2727 695 2760 de
718 2727 911 2766 Guidottis3
928 2733 963 2761 et
979 2728 1138 2762 dominus
1153 2740 1245 2772 papa
1267 2729 1412 2763 retinuit
1426 2730 1514 2764 alios
1529 2741 1588 2763 sex
1604 2741 1708 2774 penes
1724 2731 1836 2774 ipsum
1859 2737 1894 2764 et
1917 2732 2022 2765 credo
2039 2731 2132 2775 quod

289 2778 382 2821 ipsos
403 2778 546 2812 retinuit
568 2780 683 2822 potius
705 2790 769 2823 pro
791 2781 969 2824 suspectis,
993 2792 1096 2825 quam
1118 2782 1189 2815 alia
1212 2783 1255 2816 de
1278 2793 1392 2816 causa.

379 2901 443 2929 7-10
460 2897 496 2923 Et
513 2897 639 2926 ‹fleti-w
658 2899 816 2934 draperlus]
834 2909 902 2935 agg.
917 2900 967 2934 pi&
985 2902 1062 2928 tarda·
