2196 3424
0 252 8 396 ἓ

0 396 8 446 g

124 202 207 239 [ΛΑ.
227 203 403 238 lasz-1³:³³]
597 222 598 225 η
703 194 1027 233 MEMORIALE
1053 196 1263 233 HISTORI
1265 194 1379 233 CUM
1907 195 1952 232 41

124 329 214 361 raria
235 333 270 361 et
291 328 436 360 Mantua
458 328 591 360 iverunt
621 328 667 360 ad
698 327 922 360 obsidendum
953 328 1126 360 civitatem
1156 327 1313 371 Pergami
1335 333 1369 360 et
1393 328 1504 360 dictus
1535 327 1690 360 dominus
1712 326 1811 371 Acco
1841 326 1960 360 habuit

125 381 329 425 Pergamum
353 386 474 413 contra
497 381 672 413 dominum
695 391 810 424 regem
832 380 1003 413 Boemiae.

211 434 343 467 Eodem
366 443 468 466 anno.
493 452 534 457 —
557 434 734 478 Ingramus
757 435 800 466 de
824 434 985 478 Gorcano
1009 434 1052 467 de
1075 434 1210 467 Mutina
1239 435 1375 477 accepit
1398 440 1545 467 castrum
1569 434 1720 478 Gorcani
1743 439 1866 467 contra
1880 433 1959 466 Mu-

124 487 273 520 tinenses
294 493 329 520 et
351 487 449 519 multi
471 486 682 519 Mutinenses
705 487 831 520 mortui
853 487 1004 527 fuerunt,
1027 487 1086 530 qui
1116 493 1281 520 venerant
1310 489 1356 520 ad
1388 488 1694 521 contradicendum
1717 493 1751 521 et
1773 488 1959 520 vetandum

36 563 38 565 .
81 538 100 571 5
124 539 313 582 praedicta.

211 592 344 625 Eodem
366 602 469 626 anno.
493 612 535 616 —
558 593 724 626 Dominus
745 593 926 626 Bindatius
949 594 993 626 de
1015 593 1195 626 Richasoli
1219 593 1263 626 de
1285 593 1461 626 Florentia
1477 594 1544 626 fuit
1566 598 1682 627 rector
1695 594 1871 626 Bononiae
1894 603 1959 636 pro

123 646 283 679 secundis
305 656 365 678 sex
386 646 567 679 mensibus.
611 647 778 679 Dominus
801 645 930 690 Ugutio
954 647 998 678 de
1019 646 1165 679 Ursellis
1181 646 1285 689 judex
1301 647 1344 678 de
1363 646 1515 679 Forlivio
1538 647 1606 679 fuit
1627 647 1916 689 vicecapitaneus.

211 698 344 731 Eodem
365 709 468 732 anno.
492 718 533 722 ——
555 700 722 732 Dominus
743 699 962 732 Rolandinus
985 699 1028 732 de
1052 699 1206 731 Galuciis
1228 704 1262 731 et
1287 699 1443 731 dominus
1465 699 1617 731 Thomas
1647 699 1690 731 de
1721 699 1959 742 Fomglinis,

122 751 371 784 ambaxiatores
394 753 548 785 comunis
570 753 746 785 Bononiae
767 751 932 784 Avinioni
953 752 999 784 ad
1030 752 1204 784 dominum
1228 762 1363 794 papam,
1387 752 1513 784 reversi
1535 758 1614 784 sunt
1637 757 1671 784 et
1692 757 1962 794 apportaverunt

61 804 101 836 10
123 804 239 837 literas
260 805 429 838 adventus
453 805 582 838 domini
604 815 714 848 papae
736 805 783 837 ad
805 804 1030 837 habitandum
1053 805 1089 836 in
1114 804 1253 837 civitate
1274 804 1461 837 Bononiae.

211 857 343 890 Eodem
365 868 467 897 anno,
488 859 532 891 de
548 868 663 890 mense
685 857 889 900 novembris.
907 876 948 881 -
963 857 1187 900 Decapitatus
1203 857 1269 890 fuit
1285 857 1419 890 Bitinus
1436 856 1557 890 Contis
1574 858 1617 890 de
1634 858 1777 902 Cavagli
1794 858 1955 900 notarius,

124 909 193 952 qui,
216 916 254 943 ut
276 921 378 954 supra
401 917 544 954 apparet
567 911 603 943 in
625 921 847 949 mcccxxvn,
872 911 953 943 dum
975 915 1064 943 esset
1092 910 1276 953 preconsul
1308 910 1481 943 societatis
1512 911 1744 949 Notariorum,
1777 911 1845 943 fuit
1875 911 1960 943 ban-

124 963 225 1001 nitus,
248 973 289 996 eo
313 964 393 1007 quia
415 965 483 996 fuit
504 965 662 1006 proditor
683 970 718 996 et
740 963 859 996 habuit
882 968 1068 996 tractatum
1092 969 1214 996 contra
1237 963 1411 995 dominum
1441 963 1592 1006 legatum
1622 964 1782 1005 accipere
1805 963 1870 996 sibi
1892 964 1960 996 Bo-

123 1015 260 1048 noniam
276 1022 310 1056 et
332 1017 525 1050 interficere
549 1017 674 1059 ipsum;
691 1022 726 1049 et
740 1017 843 1049 modo
867 1017 960 1048 venit
982 1016 1173 1049 Bononiam
1195 1021 1231 1048 et
1252 1016 1483 1048 manifestavit
1498 1016 1622 1048 multos
1639 1017 1731 1048 cives
1746 1027 1818 1057 esse
1842 1017 1961 1059 culpa—

0 1059 10 1098 ἶ,
61 1065 98 1098 15
123 1067 207 1100 biles
231 1080 309 1101 cum
332 1080 383 1108 eo,
409 1080 551 1113 quorum
582 1067 720 1102 nomina
752 1075 830 1102 sunt
859 1070 956 1108 haec,
987 1069 1165 1113 videlicet:
1196 1068 1384 1102 Lovatinus
1406 1068 1567 1111 Jacobini
1598 1069 1762 1111 Spavaldi
1792 1070 1959 1108 notarius;

121 1120 242 1154 Petrus
263 1121 437 1166 Angelelli
459 1123 622 1162 notarius,
645 1123 746 1155 ambo
771 1122 954 1160 confinati3
978 1122 1130 1155 Thomas
1153 1121 1367 1155 Carnelvarii
1391 1122 1434 1154 de
1456 1121 1567 1154 Pretis
1590 1122 1751 1161 notarius,
1769 1123 1961 1156 confinatus

122 1174 188 1206 fuit
211 1180 245 1207 et
269 1176 516 1208 condemnatus
523 1188 532 1214 3
557 1176 714 1209 Calorius
736 1175 824 1208 Poni
847 1176 891 1208 de
914 1175 1102 1219 Gocadinis
1124 1174 1205 1207 fuit'
1230 1175 1436 1213 confinatus3
1460 1175 1632 1207 Zordinus
1655 1176 1698 1207 de
1713 1175 1876 1208 Blanchis
1891 1177 1957 1209 fuit

123 1227 326 1266 confinatus;
351 1229 508 1261 dominus
531 1229 716 1262 Thadaeus
731 1229 775 1262 de
797 1228 933 1271 Pepolis
955 1228 1023 1261 fuit
1046 1229 1204 1261 detentus
1219 1234 1253 1261 et
1270 1228 1325 1261 die
1341 1228 1496 1271 sequenti
1513 1234 1667 1270 repertus
1690 1228 1761 1261 sine
1785 1230 1888 1272 culpa
1899 1230 1962 1262 ali-

122 1291 191 1323 qua
213 1281 402 1314 relassatus.

0 1328 2 1331 ’
56 1333 99 1364 20
210 1334 341 1367 Eodem
374 1345 476 1375 anno,
512 1336 568 1368 die
602 1346 678 1368 xxv
711 1335 913 1368 novembris.
951 1353 993 1358 —-
1026 1335 1193 1367 Dominus
1227 1334 1404 1373 Charolus‚
1435 1335 1523 1367 filius
1558 1335 1803 1379 primogenitus
1834 1336 1963 1368 domini

120 1386 287 1429 Johannis
310 1389 400 1432 regis
422 1388 616 1428 Bohemiae‚
641 1389 798 1422 dominus
819 1389 1002 1421 multarum
1019 1388 1197 1420 civitatum
1212 1387 1452 1427 Lombardiae‚
1468 1388 1531 1421 ivit
1546 1394 1580 1421 et
1602 1388 1706 1421 exivit
1729 1400 1807 1421 cum
1823 1389 1962 1422 domino

120 1439 276 1472 Marsilio
291 1446 326 1474 et
341 1441 443 1474 Petro
460 1442 504 1474 de
519 1442 651 1475 Rubeis
667 1443 711 1475 de
726 1442 849 1475 Parma
871 1447 906 1474 et
930 1452 1008 1474 cum
1025 1441 1093 1473 illis
1109 1441 1153 1473 de
1168 1442 1324 1485 Foglano
1347 1447 1382 1473 et
1405 1441 1592 1474 Manfredo
1609 1442 1652 1474 de
1668 1442 1738 1474 Piis
1755 1443 1798 1475 de
1813 1442 1961 1481 Mutina,

120 1493 250 1526 vicario
274 1494 389 1527 dictae
412 1495 570 1534 civitatis,
594 1506 673 1528 cum
695 1500 749 1527 vrc
771 1495 943 1538 equitibus
965 1500 999 1527 et
1022 1500 1070 1527 v¹¹¹
1083 1494 1257 1537 peditibus
1279 1495 1522 1538 equitaverunt
1544 1505 1660 1528 versus
1677 1501 1825 1528 castrum
1842 1495 1963 1529 Sancti

121 1546 247 1578 Felicis
273 1547 309 1579 in
340 1558 460 1587 massa,
483 1558 524 1580 eo
547 1548 628 1591 quia
650 1548 866 1580 marchiones
888 1548 1066 1580 Ferrariae
1090 1558 1168 1580 cum
1191 1547 1260 1580 illis
1291 1548 1334 1580 de
1364 1548 1503 1581 Verona
1533 1554 1567 1580 et
1594 1549 1638 1581 de
1660 1549 1804 1581 Mantua
1826 1555 1860 1582 et
1884 1560 1962 1582 cum

55 1595 96 1629 25
120 1599 278 1642 gentibus
302 1600 431 1632 domini
454 1599 584 1644 Aconis
605 1601 830 1634 Vicecomitis
852 1601 1056 1633 obsidebant
1086 1601 1217 1633 dictum
1241 1606 1400 1633 castrum.
1446 1601 1491 1633 Et
1515 1602 1672 1634 dominus
1694 1602 1826 1645 legatus
1848 1602 1962 1635 Bono-

121 1651 198 1683 niae
219 1652 310 1685 misit
331 1653 580 1686 ambaxiatores
603 1654 697 1686 dicto
721 1654 859 1686 domino
882 1654 1019 1692 Carolo,
1042 1654 1160 1686 volens
1185 1663 1316 1686 cessare
1339 1654 1506 1696 proelium
1536 1654 1626 1686 inter
1652 1665 1720 1694 eos,
1743 1661 1778 1687 et
1807 1656 1898 1688 misit
1919 1659 1956 1688 v⁸

120 1705 251 1747 equites
273 1710 307 1737 et
329 1708 409 1747 111J¹¹¹
431 1707 564 1748 pedites
586 1717 704 1739 versus
725 1707 884 1740 Castrum
907 1707 1115 1740 Franchum.
1163 1706 1235 1745 Qui
1259 1707 1416 1739 dominus
1439 1707 1583 1740 Carolus
1607 1708 1769 1746 conflixit,
1787 1708 1962 1742 interfecit

120 1762 155 1789 et
178 1758 270 1800 cepit
292 1759 390 1801 quasi
411 1769 528 1792 omnes
552 1760 595 1792 de
617 1760 787 1793 Ferraria.
832 1761 985 1793 Fuerunt
1007 1761 1109 1793 etiam
1137 1761 1181 1793 de
1203 1760 1280 1793 aliis
1303 1759 1411 1802 capti'
1435 1766 1469 1793 et
1492 1761 1615 1793 mortui
1638 1761 1728 1793 ultra
1752 1762 1819 1794 duo
1836 1762 1958 1800 millia;

120 1810 210 1843 inter
224 1820 310 1854 quos
333 1812 427 1854 capti
449 1812 588 1845 fuerunt
604 1813 761 1845 dominus
775 1813 951 1856 Johannes
974 1814 1018 1846 de
1038 1813 1170 1856 Campo
1193 1813 1305 1846 sancti
1327 1813 1419 1846 Petri
1437 1814 1480 1846 de
1496 1813 1626 1852 Padua,
1644 1814 1842 1856 capitaneus
1858 1815 1962 1847 totius

0 1855 6 1897 ἶ
56 1862 98 1895 30
121 1859 302 1903 exercitus,'
324 1864 526 1898 Guilielmus
549 1866 593 1898 de
617 1865 842 1898 Scanabichis
867 1866 910 1898 de
932 1866 1100 1906 Bononia,
1124 1866 1214 1900 Cosa
1236 1876 1350 1898 comes
1375 1867 1418 1899 de
1441 1866 1571 1899 Panico
1595 1867 1639 1899 de
1661 1867 1827 1900 Bononia.

0 2043 7 2109 n-w-u·
2 2032 4 2035 .
0 2018 7 2025 <2
0 1985 6 2013 Ἰν,

208 1917 339 1949 Eodem
362 1927 465 1958 anno,
489 1919 545 1951 die
569 1928 663 1961 xan
685 1919 889 1952 novembris.
914 1937 955 1942 ——
980 1920 1089 1952 Facta
1105 1920 1171 1952 fuit
1187 1919 1310 1952 electio
1327 1919 1462 1952 consilii
1479 1925 1625 1962 quatuor
1647 1921 1789 1953 millium
1812 1922 1960 1954 civitatis

121 1969 296 2002 Bononiae
318 1980 381 2013 pro
405 1977 552 2014 quatuor
572 1972 671 2004 annis
693 1973 855 2011 venturis,
878 1972 1083 2006 inchoandis
1099 1973 1135 2005 in
1151 1972 1331 2005 millesimo
1354 1976 1542 2011 111³xxxn1,
1566 1978 1718 2015 tempore
1734 1974 1879 2016 praefati
1898 1975 1960 2007 do-

121 2022 204 2054 mini
226 2022 405 2056 Beltrandi
428 2025 613 2057 cardinalis
634 2030 668 2057 et
691 2025 806 2069 legati.

209 2074 340 2108 Eodem
363 2075 465 2115 anno,
489 2077 532 2109 de
554 2087 670 2110 mense
692 2079 894 2112 novembris.
920 2098 962 2103 —
984 2079 1152 2112 Dominus
1174 2078 1344 2111 sescalcus
1371 2078 1500 2111 domini
1531 2079 1620 2122 regis
1649 2078 1794 2112 Roberti
1825 2081 1961 2123 accepit

55 2125 97 2158 :35
122 2126 295 2160 civitatem
318 2129 493 2162 Tortonae
515 2141 536 2162 a
557 2131 756 2163 marchione
778 2131 1041 2171 Montisferrati,
1065 2132 1124 2175 qui
1146 2132 1254 2174 ipsam
1277 2131 1416 2164 tenebat
1438 2142 1502 2174 pro
1526 2132 1664 2164 domino
1687 2143 1768 2175 rege
1790 2133 1960 2172 Boemiae,

121 2185 155 2212 et
177 2180 296 2213 habuit
318 2182 427 2224 ipsam
450 2193 513 2225 per
533 2184 772 2226 proditionem.

210 2233 342 2266 Eodem
373 2244 475 2274 anno,
507 2236 551 2268 de
580 2247 696 2269 mense
726 2238 928 2272 decembris.
953 2257 995 2262 —
1025 2238 1192 2271 Dominus
1224 2239 1356 2282 legatus
1382 2238 1473 2271 misit
1495 2248 1559 2280 pro
1583 2239 1721 2271 domino
1751 2239 1893 2272 Tadaeo
1917 2241 1960 2272 de

121 2285 268 2328 Pepolis,
291 2297 355 2329 pro
379 2288 517 2321 domino
539 2289 666 2322 Bornio
691 2291 734 2322 de
758 2290 992 2331 Samaritanis,
1016 2301 1080 2334 pro
1104 2290 1244 2324 Andalo
1261 2292 1304 2323 de
1321 2291 1536 2324 Griffonibus
1559 2297 1594 2324 et
1609 2301 1672 2333 pro
1696 2292 1835 2325 domino
1851 2293 1960 2325 Bran-

122 2338 248 2371 delixio
272 2340 316 2372 de
338 2340 535 2382 Gozadinis‚
557 2343 718 2387 fingendo
742 2345 837 2388 quod
859 2344 998 2378 volebat
1018 2355 1091 2377 esse
1114 2345 1149 2377 in
1173 2345 1346 2387 colloquio
1370 2355 1448 2377 cum
1478 2344 1571 2387 ipsis,
1594 2350 1628 2377 et
1651 2345 1736 2378 fecit
1759 2346 1851 2387 ipsos
1873 2346 1960 2378 deti—

56 2392 99 2424 40
123 2392 196 2424 neri
219 2393 255 2425 in
278 2393 418 2426 castello
441 2404 502 2427 suo
524 2406 633 2438 prope
654 2402 790 2439 portam
813 2398 993 2430 Galleriae.
1040 2398 1086 2430 Et
1102 2409 1180 2430 cum
1198 2398 1291 2430 cives
1306 2403 1483 2430 senserunt
1505 2397 1583 2436 hoc,
1600 2397 1711 2430 subito
1728 2398 1794 2430 fuit
1809 2398 1960 2431 elevatus

121 2455 265 2489 magnus
287 2457 403 2479 rumor
418 2447 452 2479 in
467 2448 640 2487 Bononia;
664 2455 698 2482 et
721 2450 834 2483 dictus
858 2451 1015 2483 dominus
1038 2451 1170 2494 legatus
1192 2450 1259 2483 fuit
1281 2450 1317 2482 in
1339 2450 1493 2492 periculo
1516 2451 1684 2492 perdendi
1706 2456 1829 2483 statum
1853 2462 1960 2491 suum,

122 2499 203 2541 quia
219 2509 255 2531 re
271 2510 350 2532 vere
365 2501 535 2542 praedicti
551 2502 681 2535 detenti
702 2503 810 2536 nichil
832 2504 999 2542 fecerant,
1016 2504 1081 2536 nisi
1097 2504 1191 2547 quod
1213 2505 1286 2546 ipse
1301 2503 1449 2536 habebat
1464 2504 1557 2545 ipsos
1572 2503 1662 2542 odio,
1680 2504 1760 2546 quia
1782 2504 1847 2546 ipsi
1862 2510 1960 2537 erant

122 2551 224 2584 valde
247 2558 404 2594 potentes
425 2554 461 2585 in
476 2554 649 2594 Bononia;
665 2561 700 2589 et
715 2562 881 2590 steterunt
897 2557 1027 2590 detenti
1042 2558 1159 2590 forsan
1175 2567 1235 2589 sex
1251 2557 1343 2589 horis
1358 2562 1392 2589 et
1407 2562 1526 2599 postea
1548 2556 1687 2588 fuerunt
1703 2557 1867 2590 relassati.
1913 2559 1959 2591 Et

122 2605 252 2637 dictum
275 2605 352 2644 fuit,
375 2607 469 2649 quod
490 2608 564 2650 ipse
586 2609 672 2641 fecit
695 2609 774 2652 capi
797 2610 927 2643 dictum
950 2609 1100 2648 Andalo,
1133 2610 1192 2653 qui
1222 2615 1296 2642 erat
1326 2610 1427 2642 valde
1449 2620 1529 2641 suus
1558 2609 1698 2648 amicus,
1731 2620 1773 2642 ne
1803 2610 1861 2643 alii
1891 2616 1960 2643 tres

8 2694 11 2698 ,
58 2656 98 2690 45
122 2658 289 2692 haberent
316 2660 545 2702 suspitionem.

208 2711 520 2747 M.CCCXXXIII.
544 2733 586 2738 —
608 2715 774 2748 Dominus
796 2717 1001 2761 Raynaldus
1025 2719 1068 2751 de
1092 2717 1228 2750 Stafulo
1251 2717 1317 2749 fuit
1339 2722 1454 2749 rector
1475 2716 1651 2750 Bononiae
1674 2727 1737 2759 pro
1760 2717 1877 2759 primis
1901 2727 1959 2750 sex

121 2765 301 2798 mensibus.
346 2766 513 2800 Dominus
534 2767 731 2802 Bernardus
753 2770 797 2802 de
820 2770 950 2803 Scottis
972 2772 1016 2803 de
1038 2771 1219 2804 Placentia
1241 2770 1307 2802 fuit
1329 2769 1617 2812 vicecapitaneus.

210 2818 341 2851 Eodem
363 2829 464 2853 anno.
489 2839 530 2843 ——
553 2821 719 2854 Dominus
740 2823 874 2865 legatus
895 2824 987 2856 misit
1009 2834 1127 2856 omnes
1148 2823 1388 2865 stipendiarios
1403 2832 1481 2855 suos
1495 2827 1530 2855 et
1553 2823 1622 2855 duo
1646 2823 1818 2866 quarteria
1841 2824 1960 2866 populi

122 2871 296 2904 Bononiae
317 2878 352 2905 et
374 2876 453 2914 111J¹²¹
475 2874 608 2916 pedites
629 2880 664 2907 et
686 2879 758 2917 111J⁶
778 2876 910 2919 equites
933 2877 977 2909 de
999 2876 1195 2909 melioribus
1218 2876 1350 2909 civibus
1379 2875 1556 2908 Bononiae
1584 2881 1618 2907 et
1648 2876 1772 2908 multos
1801 2876 1886 2909 alios
1918 2878 1961 2910 de

59 2922 100 2957 50
124 2925 287 2959 comitatu
302 2927 526 2961 Bononiae'et
542 2929 586 2961 de
601 2928 853 2963 Romandiolae
870 2935 991 2963 contra
1007 2930 1239 2962 marchionem
1256 2929 1433 2963 Ferrariae
1448 2935 1482 2962 et
1498 2929 1724 2963 Ferarienses.
1772 2930 1819 2963 Et
1835 2930 1956 2963 incon-

2032 872 2126 892 2373oe

2032 1187 2108 1213 Mun„
2127 1187 2164 1206 us

2035 1778 2056 1793 c.
2071 1773 2128 1797 7³17

2033 2733 2053 2751 c.
2068 2731 2122 2753 74a
