2196 3424
228 226 332 263 XLII

340 354 530 387 Gmmrom.

261 639 296 663 Et
314 636 389 661 dicto
401 641 474 661 anno
493 634 567 658 vIsae
584 631 641 657 sue-

227 687 291 711 runt
308 686 339 710 in
357 683 434 709 coelo
446 683 502 707 tren
519 681 599 706 lunae
613 680 641 704 et

226 736 254 760 1ιι
265 733 354 758 medio
364 731 505 765 cujuslibet
518 730 576 754 erat
587 734 643 753 una

226 791 292 808 cmx
311 783 338 807 et
355 781 452 813 postea
469 778 541 804 infra
554 777 643 802 modi-

226 838 288 856 cum
299 831 409 861 tempus
419 828 475 854 visi
487 826 600 852 fuerunt
612 826 643 850 in

226 879 302 904 coelo
320 878 377 903 tres
395 877 475 902 soles.

264 1096 293 1114 xx
300 1088 340 1121 58.
354 1100 365 1107 ·
377 1085 533 1113 Mchm.
553 1086 646 1111 Bono-

227 1138 336 1163 aienses
353 1135 508 1161 habuerunt
524 1134 646 1159 castrum

227 1186 333 1212 Montis
361 1184 442 1210 Beliii
470 1185 498 1209 et
525 1185 645 1208 castrum

228 1234 341 1261 oliveti.

266 1309 342 1336 1162.
353 1322 365 1328 ·
377 1308 520 1335 MCLXII.
539 1308 645 1334 CIvItas

229 1355 379 1384 Mediolani
388 1357 445 1383 fuit
454 1356 591 1382 destructa
598 1362 648 1388 per

231 1407 391 1432 Federitzum
432 1406 628 1438 imperatorem
638 1422 645 1435 ‚

230 1456 280 1487 qui
304 1455 336 1480 de
359 1456 421 1488 ipsa
445 1454 508 1479 fecit
528 1454 648 1486 quatuor

230 1504 347 1537 bur-gon
357 1504 384 1528 et
393 1502 458 1528 feclt
467 1510 550 1528 unam
559 1502 646 1534 legem

231 1553 305 1586 quod
322 1552 444 1578 volentes
459 1551 583 1577 laborare
602 1550 647 1576 da-

232 1603 292 1627 rent
305 1603 430 1634 quartam
442 1602 549 1633 par-tem
561 1607 648 1626 came-

232 1658 279 1676 rae
291 1657 355 1676 suae
373 1650 407 1675 de
425 1649 505 1675 omni
523 1656 556 1674 eo
574 1647 648 1681 quod

232 1699 388 1725 laborantes
400 1699 578 1724 lucrarentur.

273 2016 346 2049 1163.
365 2029 376 2035 -
394 2015 550 2042 MCLXIII.
573 2016 652 2042 Civi-

236 2067 279 2091 tas
291 2065 433 2090 Bononiae
445 2064 582 2090 deut-ructa
599 2064 653 2090 fult

236 2121 285 2147 per
313 2113 472 2139 Federicum
503 2114 652 2145 imperato-

237 2170 294 2187 rem
311 2162 486 2194 praedictum.

276 2295 352 2329 1164.
363 2308 374 2315 -
384 2295 549 2333 MCLXIV.¹
558 2296 656 2322 Domi-

239 2351 292 2369 nus
310 2343 401 2369 Guido
418 2343 451 2369 de
467 2343 612 2370 Chunosaa
623 2344 657 2369 de

240 2392 332 2425 Regio
349 2391 407 2418 fuit
424 2393 548 2425 potestas
561 2393 658 2418 eivita-

240 2440 279 2465 τίς
296 2440 450 2471 Bononiae,
464 2441 494 2466 et
505 2442 573 2467 nota
584 2440 659 2473 quod

241 2489 299 2520 Ipse
325 2488 379 2514 fuit
401 2489 508 2522 primun
526 2490 657 2522 potestas,

241 2543 322 2569 quem
333 2537 433 2563 habuit
447 2538 583 2563 Bononia.

276 2584 380 2610 Eodem
405 2593 491 2612 anno.
518 2586 660 2612 Dominus

242 2631 327 2668 Boqo,
340 2634 388 2666 qui
401 2635 462 2660 erat
472 2634 659 2659 locumtenens

243 2680 386 2707 Bononiae
403 2689 454 2715 pro
472 2682 546 2707 dieto
571 2682 659 2707 Fede-

243 2730 301 2755 rioo
318 2730 495 2763 imperatore,
512 2730 569 2756 fuit
586 2739 659 2757 mor-

243 2778 307 2803 tuus
318 2786 367 2811 per
378 2779 578 2806 Bononiensem

808 344 987 377 VILLOLA.

693 416 706 431 ⁶¹
718 418 746 442 et
771 415 932 448 hospitatus
960 413 1002 437 est
1025 418 1110 443 supra

692 464 843 500 {Tiberim
862 463 890 487 et
903 468 1036 487 coronam
1055 459 1111 484 sibi

692 512 706 527 “
718 513 774 546 ipsi
786 513 884 545 postea
897 510 1024 543 inposuit
1035 527 1048 541 „
1057 506 1076 533 ¹.

727 611 768 635 Eo
786 616 862 634 anno
886 610 940 632 tres
965 607 1028 632 lune
1050 606 1113 631 vixe

693 658 805 684 fuerunt
818 658 848 682 in
862 657 922 682 celo
935 657 963 681 et
975 656 1005 680 in
1018 654 1112 679 medio

694 707 805 740 signum
831 706 934 735 cruci„
953 712 1003 729 nec
1025 703 1113 729 multo

694 756 760 787 post
778 755 834 780 visi
846 753 960 779 fuerunt
973 754 1029 778 tres
1042 751 1114 778 soles

695 804 726 829 in
745 803 812 828 celo.

737 1314 748 1332 1
755 1305 812 1331 162.
821 1319 831 1324 -
839 1306 981 1332 MCLXII.
993 1306 1033 1331 Eo
1043 1313 1118 1331 auno

699 1355 845 1388 inperator
871 1355 1017 1380 Federicus
1045 1355 1121 1387 cepit

700 1405 729 1429 et
746 1403 879 1429 destruait
890 1403 1078 1429 Mediolanum
1093 1404 1121 1428 et

699 1452 731 1477 de
748 1460 781 1477 eo
799 1452 864 1478 fecit
883 1453 1000 1485 quatuor
1018 1452 1121 1485 burgos

700 1502 824 1527 atat-uena
836 1501 910 1533 quod
922 1508 1019 1526 omnes
1030 1501 1120 1526 homi-

699 1557 748 1575 nes
757 1550 911 1576 Mediolani
921 1550 999 1576 daret
1011 1557 1121 1576 camare

700 1605 748 1624 sue
760 1600 885 1630 quartam
897 1600 1004 1632 partem
1015 1598 1048 1623 de
1061 1606 1120 1624 om-

700 1647 784 1673 nibus
803 1654 855 1680 que
872 1647 1038 1674 laborarent.

743 2016 818 2049 1163.
829 2031 839 2036 -
852 2017 1009 2044 MCLXIII.
1023 2020 1065 2044 Eo
1077 2027 1125 2044 an-

704 2072 742 2090 no
761 2065 906 2092 Federicus
926 2068 1072 2100 inperator
1086 2068 1125 2093 fe-

704 2115 743 2139 cii:
754 2114 859 2140 destrui
873 2117 901 2140 et
912 2116 1033 2148 splanari
1046 2125 1125 2143 mura

705 2162 830 2188 civitatis
848 2164 985 2190 Bononie.

744 2294 820 2329 1164.
831 2309 843 2316 -
854 2296 1024 2323 MCLXIIII.
1037 2298 1129 2324 Domi-

707 2352 756 2369 nus
774 2344 859 2370 Guido
872 2345 904 2370 de
918 2346 1033 2385 Canossa
1046 2348 1128 2380 pode-

707 2392 751 2417 ,ςΙὰ
768 2393 800 2418 de
817 2394 957 2427 Bologna5
969 2398 995 2421 et
1008 2398 1070 2421 nota
1085 2397 1130 2421 che

708 2442 788 2476 nanfae‘
803 2451 820 2467 a
837 2446 924 2475 questo
943 2444 1067 2477 Bologna
1079 2453 1129 2470 non

709 2490 769 2528 ave?
781 2491 902 2522 podem).

744 2588 785 2613 Eo
815 2595 889 2614 anno
919 2591 1046 2616 mortuus
1075 2590 1130 2617 fuit

710 2635 799 2671 Bocgo
812 2645 830 2661 a
842 2637 1044 2663 Bononiensibus
1056 2640 1130 2664 vica-

712 2685 770 2710 rius
794 2684 862 2710 dicti
886 2686 1056 2719 inperatoria
1082 2689 1131 2720 qui

712 2733 815 2765 prefixit
838 2734 949 2760 civitati
972 2736 1086 2761 Bononie
1103 2737 1133 2762 et

713 2781 818 2808 destrui
836 2781 905 2809 fecit
922 2792 978 2809 eam
983 2792 994 2817 ,-
1005 2791 1053 2816 quo
1065 2793 1132 2810 anno

930 212 985 248 IN
986 205 1334 246 TRODUZIONE

1200 337 1322 369 TEsTo
1345 334 1537 367 VULGATO.

1162 408 1219 434 fuit
1243 405 1394 432 coronatus
1415 404 1516 429 contra
1540 409 1589 427 vo-

1163 457 1298 483 luntatem
1317 453 1387 480 dicti
1406 460 1478 485 pape
1493 453 1520 477 et
1531 452 1590 477 Ro-

1164 511 1314 530 manorum
1326 504 1358 528 in
1370 501 1488 527 ecclesia
1500 501 1589 525 sancti

1165 554 1252 585 Petri,
1259 554 1287 578 et
1295 551 1445 585 imperavit
1454 550 1537 575 annis
1545 553 1587 582 37.

1200 603 1242 627 Eo
1261 603 1387 633 tempore
1405 601 1435 624 ln
1453 599 1510 624 celo
1529 599 1590 624 viee

1165 651 1278 677 fuerunt
1295 652 1353 676 tres
1365 651 1430 676 lune
1447 651 1476 674 et
1489 650 1519 674 in
1533 655 1590 673 me-

1166 701 1212 726 dlo
1232 702 1292 726 erat
1312 701 1423 733 signum
1447 700 1542 729 crucis,
1561 699 1590 723 et

1167 751 1233 782 post
1259 757 1316 775 non
1341 749 1459 774 multum
1480 750 1590 780 tempus

1168 799 1225 824 visi
1243 799 1309 823 sunt
1326 799 1382 823 tres
1400 798 1480 823 soles.

1228 1305 1302 1331 1162.
1332 1318 1344 1324 -
1368 1307 1454 1331 Anno
1486 1306 1597 1332 Christi

1171 1353 1278 1387 Mclxij
1298 1355 1325 1379 1ο
1344 1354 1523 1387 imperadore
1546 1355 1597 1380 Fe-

1172 1402 1286 1436 derigho
1305 1410 1384 1435 prese
1397 1404 1425 1429 et
1437 1402 1520 1429 doefe’
1533 1404 1598 1429 Mil-

1171 1451 1246 1484 lano,
1264 1453 1292 1476 et
1304 1450 1369 1477 fene
1382 1454 1482 1484 quatro
1495 1452 1598 1486 burghl

1171 1501 1200 1525 et
1216 1498 1337 1526 hordino
1350 1508 1413 1526 cum
1430 1501 1501 1526 tucti
1513 1501 1535 1526 li
1547 1501 1597 1526 ho-

1173 1549 1245 1574 mini
1271 1549 1305 1573 de
1333 1549 1451 1574 Millano
1481 1549 1597 1575 desseno

1172 1597 1225 1623 alla
1242 1597 1370 1624 chamera
1388 1598 1458 1624 dello
1477 1599 1598 1632 imperio

1171 1647 1198 1673 la
1221 1650 1320 1681 quarta
1346 1650 1426 1682 parte
1450 1649 1484 1675 de
1508 1650 1598 1682 quello

1172 1697 1221 1722 che
1238 1698 1419 1731 lavoravano,
1447 1699 1476 1723 et
1498 1698 1599 1725 chazzb

1173 1746 1259 1771 multe
1285 1746 1416 1779 migliara
1434 1747 1467 1772 de
1484 1747 1598 1774 homini

1173 1794 1207 1820 da
1225 1795 1335 1821 Milano
1353 1804 1369 1821 e
1382 1796 1414 1822 in
1432 1796 1537 1822 alturio
1556 1797 1600 1822 del

1172 1842 1248 1868 dicto
1258 1844 1418 1878 Federigho
1432 1846 1458 1871 ai
1470 1846 1499 1872 fu
1511 1846 1543 1880 ell
1551 1846 1600 1871 du-

1172 1899 1206 1917 xe
1224 1892 1258 1917 de
1274 1893 1394 1919 Boemia
1410 1894 1439 1919 lo
1459 1895 1539 1927 quale
1560 1903 1598 1927 po

1173 1941 1203 1966 su
1221 1949 1251 1966 re
1271 1941 1313 1966 del
1331 1942 1441 1969 ducato.

1234 2028 1244 2046 1
1253 2020 1310 2053 163.
1335 2036 1346 2042 -
1371 2022 1458 2048 Anno
1495 2023 1603 2049 Christi

1178 2069 1278 2102 MClx3
1291 2070 1319 2095 lo
1332 2071 1506 2103 imperadore
1518 2072 1603 2097 Fede-

1177 2118 1262 2150 rIgho
1272 2118 1309 2144 fe'
1319 2121 1469 2152 expianare
1481 2121 1503 2146 li
1513 2120 1602 2147 fossa-

1177 2166 1206 2192 di
1216 2168 1245 2192 et
1253 2168 1327 2193 muri
1340 2168 1412 2195 della
1420 2167 1490 2195 citta
1502 2170 1602 2196 vechia

1177 2215 1211 2241 de
1228 2217 1362 2250 Bologna0

1723 329 1971 362 Bonosum-n.

1677 594 1700 618 E
1716 594 1748 618 in
1760 592 1840 625 quelo
1853 599 1927 618 anno
1940 591 1970 618 fo
1983 599 2064 617 vezu-

1642 642 1677 667 do
1695 643 1740 667 tre
1757 641 1823 667 lune
1842 641 1873 666 in
1885 641 1955 666 cielo
1967 648 1982 666 e
1993 641 2024 666 in
2035 640 2064 665 lo

1643 697 1720 716 mezo
1738 690 1766 715 lo
1785 697 1870 723 segno
1889 689 1922 714 de
1937 689 1965 714 la
1984 695 2066 714 (ιι-οη

1642 747 1658 764 e
1675 746 1714 764 no
1733 739 1820 764 molto
1834 738 1910 771 dopo
1922 738 1949 763 fo
1962 737 2066 764 vezudo

1643 789 1686 812 tre
1702 787 1764 813 soli.

1680 877 1702 902 E
1720 877 1748 902 lo
1767 876 1839 902 ditto
1851 875 2008 909 Federigho
2021 874 2067 900 de-

1643 927 1744 952 stmsse
1769 925 1868 958 Spolui
1892 932 1907 950 e
1935 924 2067 950 damiane

1644 974 1803 1000 Alexandro
1829 977 1903 1007 'papa
1921 981 1936 999 e
1963 973 2000 999 fe'
2018 980 2069 998 an-

1644 1024 1751 1056 tIpapa.

1687 1305 1764 1332 1162.
1773 1306 1967 1341 —E(Feden'co)
1974 1307 2000 1333 ei
2009 1315 2072 1340 pre-

1649 1362 1682 1380 xe
1702 1355 1729 1380 la
1752 1355 1813 1382 dita,
1837 1355 1927 1381 citade
1945 1354 2072 1390 (Miluo)

1649 1403 1681 1428 in
1703 1402 1771 1429 1162
1784 1403 1827 1429 del
1841 1411 1918 1430 mexe
1931 1403 2047 1438 d'aprile
2058 1411 2074 1429 e

1649 1452 1675 1477 si
1693 1452 1720 1477 la
1738 1452 1878 1479 dem-usse
1895 1460 1912 1479 e
1929 1453 1963 1480 de
1982 1454 2073 1486 quella

1649 1499 1687 1525 fe’
1706 1502 1806 1534 quatro
1818 1501 1934 1535 burghi3
1955 1510 1971 1528 e
1989 1500 2075 1529 mun

1650 1550 1701 1575 che
1728 1550 1750 1576 li
1777 1551 1875 1577 omeni
1901 1551 1937 1577 de
1966 1552 2074 1578 Milano

1650 1598 1767 1625 deeseno
1786 1608 1804 1626 a
1820 1599 1847 1624 la
1863 1607 1975 1626 mnata
1986 1608 2036 1627 noa
2047 1602 2076 1627 la

1651 1649 1751 1680 quarta
1762 1649 1843 1680 parte
1855 1649 1890 1675 de
1901 1657 1936 1675 zo
1947 1650 1997 1676 che
2007 1657 2076 1684 gua·

1651 1695 1810 1729 dagnaeeno
1829 1705 1844 1723 e
1862 1698 2049 1726 lavorueeno.

1694 2025 1771 2051 1162.
1790 2039 1802 2045 ·
1817 2027 1972 2061 Federigho
1991 2030 2081 2062 impe-

1657 2074 1755 2100 radore
1766 2074 1802 2100 fe’
1815 2077 1944 2108 apiano-re
1962 2077 1987 2103 le
2004 2086 2082 2106 mure

1656 2131 1670 2148 e
1680 2124 1705 2149 le
1715 2124 1790 2162 fosse
1803 2128 1898 2154 vechie
1910 2128 1943 2154 de
1955 2129 2082 2164 Bologna

1653 2172 1685 2198 in
1707 2181 1717 2199 1
1724 2173 1772 2200 162
1781 2173 1801 2200 ².

1697 2310 1773 2345 1164.
1787 2326 1803 2344 ·.
1816 2312 1858 2338 Fo
1876 2314 1970 2339 morto
1986 2313 2085 2347 Beghol

1660 2361 1784 2387 vichario
1808 2361 1841 2386 de
1863 2361 1892 2387 lo
1919 2361 2082 2395 Inperadore

1659 2410 1693 2436 da
1710 2418 1767 2436 uno
1786 2418 1877 2444 zoppo
1886 2409 1906 2436 ⁸.

331 2892 340 2910 ¹
359 2894 462 2925 Quente
474 2897 570 2928 parole
585 2897 719 2930 vix-golate
736 2905 807 2924 sono
827 2900 924 2925 ecrItte
937 2900 982 2925 nel
994 2901 1055 2928 cod.
1070 2901 1137 2934 1456
1189 2902 1308 2929 all’altro
1326 2904 1460 2929 inclinato
1479 2905 1509 2930 di
1526 2906 1573 2930 cni
1591 2905 1701 2931 abbiam
1718 2903 1836 2937 parlato.

245 2936 276 2960 in
294 2942 332 2960 uu
349 2938 484 2963 carattere
504 2940 669 2972 pooteriore,
688 2947 733 2965 ma
756 2948 815 2966 non
833 2941 862 2966 di
884 2942 982 2973 molto,
1000 2950 1017 2967 a
1041 2943 1130 2976 quello

246 2976 289 3002 del
307 2977 417 3010 Vincla,
430 2978 472 3004 dei
489 2981 629 3014 principio
647 2981 691 3007 del
708 2989 760 3008 aec.
780 2983 847 3014 XV;
865 2981 880 3008 ὲ
901 2984 1042 3010 anteriore
1060 2984 1130 3017 pero

1273 2944 1284 2959 ¹
1301 2946 1335 2970 In
1353 2946 1380 2971 L
1397 2944 1412 2971 ὲ
1430 2948 1505 2972 sotto
1524 2947 1545 2972 ii
1565 2947 1643 2979 ¹163-

1273 2986 1282 3001 ⁸
1301 2989 1401 3014 Manca
1418 2989 1448 3013 in
1469 2990 1502 3014 Κ.
1522 2990 1544 3014 Ι.
1559 2997 1606 3021 34.

2114 508 2196 573 5²⁷

2101 1067 2181 1118 ιεεἶ

2099 1345 2196 1387 20¹3

2101 1574 2196 1628 251

2105 1835 2196 1880 3⁰}

2108 2113 2150 2148 35

2108 2376 2196 2433 ιιοΙ

2111 2719 2153 2753 45
