2242 3418
98 954 117 968 c.
132 947 174 970 18³
189 947 201 967 ὸ

67 2116 145 2141 Mun..
159 2115 200 2136 228

98 2495 119 2512 c.
132 2488 173 2513 ¹8⁴
187 2488 199 2508 ὂ

291 169 360 206 106
826 164 1107 202 ΜΑΤΤΗΑΕΙ
1133 166 1203 201 DE
1233 162 1578 201 GRIFFONIBUS
1956 170 2006 207 [A.
2025 174 2119 209 1420]

280 300 410 334 domini
433 309 543 342 papae
566 302 732 330 venerunt
756 296 873 339 super'
896 296 1067 329 territorio
1090 295 1265 328 Bononiae
1288 301 1322 327 et
1353 306 1431 327 cum
1462 295 1510 327 eis
1541 295 1634 327 venit
1667 296 1777 329 dictus
1799 297 1929 341 Bracus
1953 309 2029 331 cum
2054 309 2119 331 ccc

279 353 406 386 lanceis
428 351 580 395 gentium
604 359 774 382 armorum
797 355 831 381 et
855 349 1012 382 dominus
1034 348 1244 388 Ludovicus‚
1270 348 1428 381 dominus
1445 347 1592 381 civitatis
1607 347 1727 388 Firmi,
1743 355 1778 382 et
1792 348 1945 394 Agnelus
1969 352 2012 384 de
2035 351 2118 384 Per-

277 407 367 450 gula,
391 403 631 446 stipendiarius
655 402 783 434 domini
806 412 926 445 papae.

365 457 494 490 Eodem
518 465 619 493 anno,
645 455 700 487 die
724 465 812 496 XXVJ
835 455 926 499 maji.
945 474 986 478 —
1003 455 1160 488 Castrum
1176 454 1315 498 Liglani
1339 465 1374 486 se
1397 453 1575 487 rebellavit
1599 460 1719 487 contra
1743 455 1914 489 civitatem
1934 457 2118 491 Bononiae.

364 510 427 542 Die
450 509 559 551 primo
580 508 676 552 junii.
695 526 735 531 —-
753 508 909 541 Castrum
926 507 1065 552 Ulgiani
1081 518 1116 540 se
1132 507 1310 539 rebellavit
1325 513 1445 540 contra
1469 508 1640 540 civitatem
1656 508 1841 542 Bononiae.
2143 510 2162 543 5

364 564 427 595 Die
450 572 492 603 11J
513 562 610 605 junii.
636 580 676 584 —
701 561 854 594 Comune
878 561 1052 593 Bononiae
1084 561 1168 592 fecit
1199 571 1294 592 suum
1328 560 1543 602 capitaneum
1566 561 1718 604 gentium
1749 572 1920 595 armorum
1944 563 2118 596 dominum

277 617 461 650 Cabrinum
486 615 702 652 Fondullum,
735 614 818 646 olim
851 614 1023 646 dominum
1048 614 1248 652 Cremonae,
1272 619 1306 645 et
1329 613 1460 646 antiani
1484 614 1652 646 dederunt
1674 614 1739 647 sibi
1761 614 1932 649 baculum.

363 669 429 701 Die
452 678 545 709 xan
566 667 663 711 junii.
688 686 729 690 ——
752 667 910 699 Marinus
934 667 976 699 de
1000 666 1168 705 Trivixio,
1200 667 1259 709 qui
1291 677 1326 698 se
1358 666 1505 699 vocabat
1529 667 1572 699 de
1598 666 1786 710 Argellata‚
1815 669 1882 701 fuit
1906 669 2120 712 decapitatus

275 728 415 765 propter
437 721 689 759 tradimentum‚
721 720 813 763 quod
844 719 989 758 comisit,
1021 719 1160 762 quando
1193 725 1341 752 castrum
1373 719 1569 752 Medicinae
1593 731 1628 752 se
1651 720 1840 761 rebellavit,
1863 721 1922 754 ubi
1953 722 2025 765 ipse
2048 729 2121 755 erat

276 775 422 808 vicarius
444 783 507 816 pro
531 774 667 805 comuni
690 773 875 805 Bononiae.
2146 776 2185 808 10

363 828 427 860 Die
452 837 515 868 xxJ
537 827 634 870 junii.
660 844 701 849 —
725 826 882 858 Castrum
906 826 1118 868 Crespellani
1142 836 1178 858 se
1202 826 1379 860 rebellavit
1403 833 1524 859 contra
1540 827 1742 861 Bononiam.

363 881 427 913 Die
451 890 529 921 xxm
550 879 648 923 junii.
673 898 714 902 —
739 879 897 912 Castrum
920 878 1047 911 Oliveti
1070 889 1106 911 se
1130 879 1308 912 rebellavit
1333 886 1454 912 contra
1478 890 1622 912 comune
1638 881 1822 922 Bononiae.

364 935 501 977 Eodem>
520 942 611 965 anno
633 932 876 971 MCCCCXX,
901 932 956 964 die
980 942 1073 973 xan
1094 932 1192 976 junii.
1218 952 1258 956 —-
1284 933 1441 966 Castrum
1464 934 1592 966 Bazani
1609 945 1645 967 se
1661 934 1839 968 rebellavit
1854 941 1975 968 contra
1999 936 2119 969 civita-

274 994 341 1021 tem
357 987 543 1020 Bononiae.

360 1041 427 1073 Die
450 1049 558 1080 xme
578 1039 679 1083 junii.
705 1057 745 1061 —
770 1039 898 1071 Gentes
920 1039 1099 1071 Ecclesiae
1123 1038 1316 1072 habuerunt
1338 1051 1400 1082 per
1422 1040 1491 1072 vim
1516 1046 1664 1073 castrum
1686 1041 1956 1074 Montisbudelli.
2145 1040 2183 1074 15

361 1093 427 1126 Die
450 1102 525 1125 xxv
546 1092 644 1135 junii.
670 1110 710 1115 ——
735 1092 863 1124 Gentes
886 1092 1065 1124 Ecclesiae
1088 1092 1282 1125 habuerunt
1313 1103 1376 1135 per
1402 1093 1472 1125 vim
1503 1099 1652 1126 castrum
1683 1094 1853 1127 Plumacii
1876 1101 1911 1127 et
1933 1100 2119 1138 posuerunt

274 1148 386 1190 ipsum
409 1152 443 1179 et
466 1155 583 1178 omnes
605 1155 767 1187 personas
790 1145 837 1177 ad
859 1155 1088 1178 sacomanum.

360 1200 427 1232 Die
450 1209 554 1240 xxvxj
577 1198 675 1242 junii.
689 1217 730 1221 —-
744 1198 872 1231 Gentes
887 1198 1066 1231 Ecclesiae
1082 1199 1219 1232 iverunt
1235 1200 1281 1232 ad
1298 1199 1464 1233 Sanctum
1486 1201 1680 1244 Johannem
1697 1200 1734 1232 in
1750 1201 1926 1234 Persiceto
1948 1207 1982 1234 et
2005 1201 2119 1234 subito

274 1253 393 1286 rustici
417 1253 529 1296 ipsum
553 1257 701 1284 castrum
726 1251 895 1284 dederunt
918 1251 1106 1285 Ecclesiae.

361 1307 428 1339 Die
451 1315 570 1346 xxan
590 1304 678 1348 junii
703 1305 747 1337 de
771 1310 883 1337 nocte.
909 1323 950 1328 —
973 1305 1149 1348 Johannes
1176 1306 1324 1339 Bonucii
1349 1307 1393 1339 de
1416 1307 1661 1351 Papaconibus
1683 1314 1718 1340 et
1742 1308 1904 1341 Ghilinus
1925 1307 2050 1352 Jacobi
2074 1308 2118 1341 de
2141 1309 2184 1340 20

273 1359 524 1403 Papaconibus,
547 1359 687 1391 fuerunt
710 1357 864 1400 suspensi
888 1368 951 1399 per
972 1358 1087 1401 gulam
1111 1359 1157 1391 ad
1180 1360 1420 1403 arengheriam
1445 1361 1574 1402 palacii
1598 1361 1730 1394 domini
1755 1361 1944 1404 potestatis.
1991 1361 2036 1393 Et
2050 1361 2118 1393 hoc

274 1414 360 1447 fecit
383 1413 542 1446 dominus
564 1411 690 1444 Paulus
714 1411 758 1443 de
779 1410 950 1450 Lionissa,
974 1417 1137 1444 executor
1160 1412 1313 1444 civitatis
1328 1412 1517 1452 Bononiae,
1542 1414 1636 1446 nulla
1658 1415 1749 1447 lecta
1772 1414 1942 1447 sententia
1963 1414 2018 1446 vel
2035 1423 2118 1446 con-

275 1466 505 1505 demnatione,
521 1470 556 1497 et
571 1464 639 1497 fuit
654 1469 847 1506 reputatum
863 1464 1048 1496 maximum
1063 1465 1206 1503 malum3
1223 1471 1257 1498 et
1273 1476 1351 1497 cum
1368 1466 1508 1498 fuerunt
1530 1467 1668 1506 mortui,
1692 1467 1883 1500 inciserunt
1906 1468 2017 1506 funes,
2040 1477 2118 1499 cum

274 1519 398 1563 quibus
420 1523 518 1551 erant
541 1517 694 1560 suspensi
711 1523 745 1549 et
761 1517 963 1550 ceciderunt
986 1517 1022 1549 in
1046 1518 1176 1560 platea;
1201 1524 1235 1550 et
1258 1518 1345 1551 fecit
1360 1519 1434 1550 fieri
1458 1520 1599 1552 furchas
1614 1526 1649 1552 et
1672 1521 1766 1562 ipsos
1789 1521 1952 1563 suspendi
1975 1521 2022 1554 ad
2045 1521 2119 1553 fur-

274 1574 367 1612 chas,
391 1572 473 1616 quia
497 1570 636 1604 dicebat
659 1570 753 1613 quod
775 1570 937 1602 volebant
953 1571 1036 1603 dare
1052 1576 1186 1613 portam
1202 1571 1428 1604 Mascarellae
1443 1572 1604 1616 gentibus
1620 1574 1809 1606 Ecclesiae.
2141 1571 2182 1606 25

362 1625 428 1658 Die
443 1634 525 1657 vero
541 1624 650 1656 tercia
664 1622 742 1666 julii
757 1623 931 1666 sequentis
948 1624 991 1656 de
1008 1629 1119 1656 nocte.
1144 1643 1186 1647 —
1210 1624 1291 1657 Fuit
1315 1635 1496 1667 suspensus
1519 1626 1648 1658 Baldus
1666 1627 1710 1659 de
1734 1627 1880 1659 Ursellis
1903 1626 2058 1660 notarius
2080 1626 2117 1658 in

273 1680 387 1722 platea
402 1677 558 1711 comunis
573 1676 751 1709 Bononiae
766 1682 801 1709 et
816 1681 916 1708 nemo
932 1676 1045 1719 potuit
1061 1677 1150 1709 scire
1167 1687 1314 1710 causam.
1361 1678 1419 1719 [Et
1432 1684 1514 1711 tunc
1527 1678 1662 1711 banniti
1679 1680 1819 1712 fuerunt
1831 1680 1931 1712 multi
1944 1680 2049 1719 cives,
2065 1679 2118 1712 vi-

275 1732 401 1766 delicet
422 1730 665 1764 Lambertinus
678 1735 713 1762 et
728 1729 928 1762 Lodovicus
944 1730 1069 1762 fratres
1084 1735 1118 1762 et
1134 1730 1197 1762 filii
1214 1731 1364 1773 quodam
1380 1731 1524 1764 Rodulfi
1541 1732 1584 1764 de
1600 1732 1840 1775 Ramponibus
1857 1738 1892 1765 et
1908 1732 2007 1765 multi
2029 1732 2114 1773 aliiJ.

362 1785 494 1818 Eodem
516 1792 618 1822 anno,
643 1783 701 1816 die
724 1792 774 1814 xv
794 1782 884 1826 julii.
908 1801 948 1806 —-
974 1782 1161 1815 obtentum
1185 1789 1219 1816 et
1242 1784 1411 1816 firmatum
1434 1784 1503 1817 fuit
1519 1785 1556 1816 in
1573 1785 1718 1817 consilio
1734 1786 1887 1829 generali
1912 1785 2033 1828 populi
2057 1785 2119 1818 bo-

273 1838 448 1872 noniensis
471 1837 565 1881 quod
588 1836 780 1869 dominium
803 1835 957 1868 civitatis
979 1836 1158 1868 Bononiae
1180 1836 1289 1869 libere
1313 1838 1454 1870 daretur
1475 1844 1615 1871 sanctae
1638 1848 1800 1871 romanae
1824 1839 2012 1871 Ecclesiae.
2141 1839 2183 1870 30

360 1891 427 1924 Die
450 1900 514 1932 XVJ
537 1889 625 1924 dicti
648 1889 783 1921 mensis.
809 1908 850 1912 —
873 1889 1025 1922 Bandita
1056 1889 1124 1922 fuit
1148 1890 1337 1923 concordia
1359 1891 1405 1923 ad
1429 1892 1668 1935 arengheriam
1699 1892 1794 1924 facta
1817 1891 1909 1924 inter
1939 1891 2119 1924 dominum

273 1951 424 1978 nostrum
440 1954 566 1987 papam
582 1948 616 1975 et
632 1952 778 1975 comune
793 1942 986 1980 Bononiae3
1002 1947 1037 1974 et
1054 1942 1150 1974 dicta
1166 1943 1356 1976 concordia
1372 1944 1467 1976 facta
1490 1944 1558 1976 fuit
1580 1944 1618 1976 in
1642 1954 1765 1986 campo
1782 1945 1962 1977 Ecclesiae
1977 1945 2024 1977 ad
2039 1944 2121 1977 bur-

272 2009 353 2042 gum
368 1997 544 2030 Panicalis
559 2007 637 2028 cum
654 1995 794 2028 domino
818 1994 990 2027 cardinali
1013 2000 1047 2027 et
1063 2005 1142 2027 cum
1158 1995 1283 2028 Bracio
1301 1996 1442 2029 domino
1457 1996 1602 2036 Perusii,
1621 1997 1681 2040 qui
1697 2003 1795 2029 erant
1812 1997 1848 2029 in
1866 1997 1962 2030 dicto
1985 2007 2119 2040 campo.

359 2051 426 2083 Die
450 2059 513 2093 xxJ
534 2049 622 2093 julii,
648 2048 835 2086 dominica,
858 2049 945 2080 hora
968 2057 1031 2089 κῃ.
1049 2067 1090 2071 -
1106 2049 1275 2081 Dominus
1298 2049 1488 2082 cardinalis
1503 2050 1714 2092 praedictus,
1741 2051 1801 2093 qui
1825 2056 1899 2083 erat
1919 2050 2120 2084 venetianus

275 2110 309 2137 et
332 2103 520 2137 vocabatur
542 2102 731 2135 cardinalis
754 2101 925 2140 Senensis,
949 2101 1045 2134 venit
1075 2102 1113 2133 in
1136 2101 1294 2134 Bononia
1316 2103 1363 2135 ad
1386 2104 1546 2135 standum
1568 2103 1627 2135 hic
1650 2113 1714 2145 pro
1732 2104 1873 2136 domino
1896 2102 2032 2143 nostro:
2057 2104 2118 2136 do-
2142 2101 2183 2135 35

272 2156 536 2191 mino-Martino
551 2166 642 2198 papa
658 2155 790 2198 quint0,
814 2154 874 2198 qui
890 2159 964 2186 erat
980 2155 1024 2187 de
1041 2155 1143 2187 domo
1161 2155 1205 2187 de
1221 2155 1390 2188 Columna
1407 2156 1450 2188 de
1466 2157 1591 2195 Roma,
1609 2157 1669 2199 qui
1686 2162 1768 2189 tunc
1785 2162 1859 2189 erat
1875 2156 1912 2188 in
1928 2155 2116 2189 Florentia.

359 2210 427 2243 Die
453 2219 492 2250 VJ
521 2208 667 2252 augusti.
693 2226 734 2230 —-
756 2207 858 2240 Missi
888 2208 1030 2240 fuerunt
1058 2207 1276 2250 infrascripti
1300 2208 1395 2241 cives
1418 2208 1647 2242 bononienses
1677 2209 1930 2242 ambaxiatores
1960 2209 2117 2241 comunis

274 2263 450 2297 Bononiae
472 2262 518 2294 ad
542 2262 674 2294 dictum
698 2261 876 2294 dominum
899 2266 1052 2293 nostrum
1076 2271 1201 2303 papam
1225 2261 1262 2292 in
1286 2260 1475 2300 Florentia,
1507 2262 1689 2294 videlicet:
1715 2262 1893 2294 dominum
1923 2261 2116 2306 Ricardum

273 2318 317 2350 de
339 2315 478 2359 Pepolis
500 2314 655 2353 militem,
679 2313 857 2347 dominum
879 2313 1155 2346 Bartolomaeum
1181 2315 1224 2347 de
1246 2314 1394 2358 Macolis
1410 2315 1566 2354 militem,
1584 2315 1762 2347 dominum
1778 2315 1917 2347 Petrum
1942 2315 1986 2347 de
2009 2314 2118 2358 Scap-

274 2370 329 2413 pis
357 2368 511 2407 militem,
536 2367 713 2400 dominum
736 2366 938 2399 Florianum
963 2367 1007 2399 de
1029 2372 1150 2399 sancto
1172 2366 1276 2399 Petro
1301 2368 1489 2406 doctorem,
1521 2368 1747 2400 Laurentium
1772 2369 1815 2401 de
1841 2367 1965 2410 Cospis
1987 2378 2118 2400 merca·
2141 2369 2184 2400 40

273 2428 392 2461 torem,
415 2420 640 2453 Franciscum
664 2420 708 2452 de
732 2419 910 2452 Guidottis
932 2425 967 2452 et
989 2419 1189 2452 Mathaeum
1213 2420 1257 2452 de
1279 2420 1528 2453 Marescalchis
1550 2421 1765 2465 mercarium.

362 2475 494 2508 Eodem
517 2483 608 2506 anno
631 2472 877 2514 MCCCCXX,
902 2473 960 2506 die
984 2473 1161 2506 dominica
1184 2482 1260 2505 xxv
1282 2474 1430 2518 augusti,
1446 2475 1532 2507 hora
1548 2484 1667 2514 xv.*—-
1683 2474 2005 2507 Reverendissimus
2019 2480 2119 2517 pater

274 2534 309 2562 et
332 2528 500 2566 dominus,
525 2526 684 2560 dominus
706 2526 839 2569 legatus
861 2526 1056 2570 Hyspanus,
1080 2525 1202 2558 missus
1224 2527 1293 2559 huc
1316 2537 1379 2569 per
1402 2527 1579 2560 dominum
1604 2533 1756 2560 nostrum
1780 2538 1904 2570 papam
1928 2526 2118 2559 Martinum

274 2582 441 2627 quintum,
466 2579 609 2612 intravit
632 2579 824 2611 Bononiam
847 2580 949 2612 valde
972 2579 1162 2611 honorifice
1169 2591 1177 2617 ;
1202 2585 1236 2611 et
1259 2580 1347 2612 alter
1370 2580 1559 2613 cardinalis
1581 2580 1793 2619 venetianus,
1812 2580 1871 2623 qui
1888 2585 1962 2612 erat
1977 2579 2048 2619 hic,
2064 2590 2118 2612 re-
2163 2595 2170 2600 »

276 2635 377 2668 cessit
401 2635 444 2667 de
467 2632 634 2672 Bononia,
659 2632 720 2675 qui
742 2632 933 2665 vocabatur
955 2632 1146 2665 cardinalis
1169 2632 1340 2666 Senensis.
2141 2631 2182 2665 45

364 2685 496 2718 Eodem
518 2693 620 2723 anno,
645 2683 702 2716 die
725 2683 837 2725 prima
860 2683 1071 2725 septembris.
1097 2702 1138 2707 —
1162 2684 1330 2716 Dominus
1353 2684 1535 2717 Mathaeus
1559 2685 1692 2718 domini
1715 2684 1810 2718 Petri
1834 2685 1878 2718 de
1900 2684 2043 2717 Perusio
2059 2694 2118 2717 ve-

277 2739 329 2771 nit
353 2737 543 2771 Bononiam
566 2746 630 2779 pro
653 2741 822 2779 potestate
844 2736 1033 2770 Bononiae.

363 2865 444 2898 27-28
463 2866 499 2890 Et
517 2866 640 2890 tunm...
659 2863 719 2896 alii]
739 2872 806 2897 agg.
821 2863 871 2896 pit}
889 2864 968 2889 tardi
983 2864 1020 2889 da
1037 2865 1113 2890 altra
1131 2873 1208 2890 mano
1226 2879 1259 2884 —
1277 2865 1312 2897 38
1335 2865 1499 2900 Ricardum]
1524 2867 1615 2891 scritto
1638 2874 1668 2891 su
1694 2866 1824 2891 abrasum
1842 2880 1875 2884 —
1893 2869 1974 2898 42-45
1994 2864 2118 2890 Νάθαν·

273 2912 344 2941 togr.
357 2908 385 2932 in
403 2907 524 2940 margins
541 2915 558 2932 a
576 2910 665 2940 questa
682 2907 779 2932 notizia
798 2905 813 2930 ὲ
831 2915 864 2931 un
881 2914 963 2939 segne
981 2907 1012 2931 di
1027 2908 1171 2932 attentione
1184 2921 1216 2927 -
1231 2907 1265 2941 46
1278 2908 1430 2941 Dominus]
1448 2910 1562 2941 seguiva
1581 2909 1680 2934 Petrus
1699 2917 1713 2932 e
1723 2908 1761 2942 su
1780 2909 1923 2933 cancellato
