<?xml version="1.0" encoding="UTF-8"?>
<!DOCTYPE html PUBLIC "-//W3C//DTD XHTML 1.0 Transitional//EN"
    "http://www.w3.org/TR/xhtml1/DTD/xhtml1-transitional.dtd">
<html xmlns="http://www.w3.org/1999/xhtml" xml:lang="en" lang="en">
 <head>
  <title>
</title>
<meta http-equiv="Content-Type" content="text/html;charset=utf-8" />
  <meta name='ocr-system' content='tesseract 3.04.00' />
  <meta name='ocr-capabilities' content='ocr_page ocr_carea ocr_par ocr_line ocrx_word'/>
</head>
<body>
  <div class='ocr_page' id='page_1' title='image "./rerumitalicarums182murauoft_0118.png"; bbox 0 0 2196 3424; ppageno 0'>
   <div class='ocr_carea' id='block_1_1' title="bbox 53 490 184 515">
    <p class='ocr_par' dir='ltr' id='par_1_1' title="bbox 53 490 184 515">
     <span class='ocr_line' id='line_1_1' title="bbox 53 490 184 515; baseline 0 -5"><span class='ocrx_word' id='word_1_1' title='bbox 53 490 130 515; x_wconf 77' lang='grc' dir='ltr'>Μυι..</span> <span class='ocrx_word' id='word_1_2' title='bbox 147 491 184 511; x_wconf 72' lang='lat'><strong>1⁴⁹</strong></span> 
     </span>
    </p>
   </div>
   <div class='ocr_carea' id='block_1_2' title="bbox 76 1880 169 1901">
    <p class='ocr_par' dir='ltr' id='par_1_2' title="bbox 76 1880 169 1901">
     <span class='ocr_line' id='line_1_2' title="bbox 76 1880 169 1901; baseline -0.011 -5"><span class='ocrx_word' id='word_1_3' title='bbox 76 1881 96 1896; x_wconf 76' lang='lat' dir='ltr'><strong>c.</strong></span> <span class='ocrx_word' id='word_1_4' title='bbox 112 1880 169 1901; x_wconf 71' lang='lat'><strong>75⁶</strong></span> 
     </span>
    </p>
   </div>
   <div class='ocr_carea' id='block_1_3' title="bbox 263 187 2096 235">
    <p class='ocr_par' dir='ltr' id='par_1_3' title="bbox 263 187 2096 235">
     <span class='ocr_line' id='line_1_3' title="bbox 263 187 2096 235; baseline 0.001 -9"><span class='ocrx_word' id='word_1_5' title='bbox 263 192 311 226; x_wconf 83' lang='lat'><strong>42</strong></span> <span class='ocrx_word' id='word_1_6' title='bbox 799 188 1082 226; x_wconf 87' lang='lat' dir='ltr'><strong>MATTHAEI</strong></span> <span class='ocrx_word' id='word_1_7' title='bbox 1112 188 1183 226; x_wconf 92' lang='lat' dir='ltr'><strong>DE</strong></span> <span class='ocrx_word' id='word_1_8' title='bbox 1212 187 1556 226; x_wconf 87' lang='lat' dir='ltr'><strong>GRIFFONIBUS</strong></span> <span class='ocrx_word' id='word_1_9' title='bbox 1941 197 1994 234; x_wconf 78' lang='lat' dir='ltr'><strong>[A.</strong></span> <span class='ocrx_word' id='word_1_10' title='bbox 2014 200 2096 235; x_wconf 76' lang='grc'><strong>1333]</strong></span> 
     </span>
    </p>
   </div>
   <div class='ocr_carea' id='block_1_4' title="bbox 243 319 2158 1801">
    <p class='ocr_par' dir='ltr' id='par_1_4' title="bbox 253 319 2158 734">
     <span class='ocr_line' id='line_1_4' title="bbox 258 319 2094 364; baseline 0.001 -9"><span class='ocrx_word' id='word_1_11' title='bbox 258 322 380 355; x_wconf 89' lang='lat' dir='ltr'><strong>tinenti</strong></span> <span class='ocrx_word' id='word_1_12' title='bbox 403 326 568 364; x_wconf 89' lang='lat' dir='ltr'><strong>ceperunt</strong></span> <span class='ocrx_word' id='word_1_13' title='bbox 590 331 707 354; x_wconf 88' lang='lat' dir='ltr'><strong>omnes</strong></span> <span class='ocrx_word' id='word_1_14' title='bbox 729 326 840 354; x_wconf 86' lang='lat' dir='ltr'><strong>turres</strong></span> <span class='ocrx_word' id='word_1_15' title='bbox 861 326 896 353; x_wconf 88' lang='lat' dir='ltr'><strong>et</strong></span> <span class='ocrx_word' id='word_1_16' title='bbox 918 321 1017 354; x_wconf 85' lang='lat' dir='ltr'><strong>villas</strong></span> <span class='ocrx_word' id='word_1_17' title='bbox 1033 321 1120 353; x_wconf 85' lang='lat' dir='ltr'><strong>citra</strong></span> <span class='ocrx_word' id='word_1_18' title='bbox 1135 320 1278 359; x_wconf 88' lang='lat' dir='ltr'><strong>Padum,</strong></span> <span class='ocrx_word' id='word_1_19' title='bbox 1296 319 1530 352; x_wconf 91' lang='lat' dir='ltr'><strong>comburendo</strong></span> <span class='ocrx_word' id='word_1_20' title='bbox 1546 325 1581 352; x_wconf 89' lang='lat' dir='ltr'><strong>et</strong></span> <span class='ocrx_word' id='word_1_21' title='bbox 1597 321 1808 354; x_wconf 86' lang='lat' dir='ltr'><strong>devastando</strong></span> <span class='ocrx_word' id='word_1_22' title='bbox 1824 327 1859 354; x_wconf 89' lang='lat' dir='ltr'><strong>et</strong></span> <span class='ocrx_word' id='word_1_23' title='bbox 1874 323 1989 355; x_wconf 90' lang='lat' dir='ltr'><strong>omnia</strong></span> <span class='ocrx_word' id='word_1_24' title='bbox 2004 324 2094 356; x_wconf 83' lang='lat' dir='ltr'><strong>mala</strong></span> 
     </span>
     <span class='ocr_line' id='line_1_5' title="bbox 256 372 2094 417; baseline 0.001 -9"><span class='ocrx_word' id='word_1_25' title='bbox 256 376 426 412; x_wconf 79' lang='lat' dir='ltr'><strong>fatiend03</strong></span> <span class='ocrx_word' id='word_1_26' title='bbox 450 381 484 407; x_wconf 92' lang='lat' dir='ltr'><strong>et</strong></span> <span class='ocrx_word' id='word_1_27' title='bbox 506 379 624 416; x_wconf 87' lang='lat' dir='ltr'><strong>postea</strong></span> <span class='ocrx_word' id='word_1_28' title='bbox 647 379 814 406; x_wconf 90' lang='lat' dir='ltr'><strong>venerunt</strong></span> <span class='ocrx_word' id='word_1_29' title='bbox 835 379 932 406; x_wconf 86' lang='lat' dir='ltr'><strong>extra</strong></span> <span class='ocrx_word' id='word_1_30' title='bbox 954 372 1144 417; x_wconf 85' lang='lat' dir='ltr'><strong>Argentam</strong></span> <span class='ocrx_word' id='word_1_31' title='bbox 1167 383 1270 415; x_wconf 88' lang='lat' dir='ltr'><strong>super</strong></span> <span class='ocrx_word' id='word_1_32' title='bbox 1292 372 1465 405; x_wconf 83' lang='lat' dir='ltr'><strong>territorio</strong></span> <span class='ocrx_word' id='word_1_33' title='bbox 1488 373 1667 405; x_wconf 90' lang='lat' dir='ltr'><strong>Ferrariae</strong></span> <span class='ocrx_word' id='word_1_34' title='bbox 1689 373 1725 405; x_wconf 90' lang='lat' dir='ltr'><strong>in</strong></span> <span class='ocrx_word' id='word_1_35' title='bbox 1747 374 1829 406; x_wconf 87' lang='lat' dir='ltr'><strong>villa</strong></span> <span class='ocrx_word' id='word_1_36' title='bbox 1851 374 2037 408; x_wconf 90' lang='lat' dir='ltr'><strong>Cosandali</strong></span> <span class='ocrx_word' id='word_1_37' title='bbox 2059 381 2094 408; x_wconf 89' lang='lat' dir='ltr'><strong>et</strong></span> 
     </span>
     <span class='ocr_line' id='line_1_6' title="bbox 257 425 2094 472; baseline 0.001 -12"><span class='ocrx_word' id='word_1_38' title='bbox 257 428 481 471; x_wconf 89' lang='lat' dir='ltr'><strong>confligerunt</strong></span> <span class='ocrx_word' id='word_1_39' title='bbox 503 432 622 471; x_wconf 79' lang='lat' dir='ltr'><strong>gentes</strong></span> <span class='ocrx_word' id='word_1_40' title='bbox 652 426 856 459; x_wconf 77' lang='lat' dir='ltr'><strong>ferarienses</strong></span> <span class='ocrx_word' id='word_1_41' title='bbox 878 432 912 459; x_wconf 88' lang='lat' dir='ltr'><strong>et</strong></span> <span class='ocrx_word' id='word_1_42' title='bbox 936 431 1101 468; x_wconf 88' lang='lat' dir='ltr'><strong>ceperunt</strong></span> <span class='ocrx_word' id='word_1_43' title='bbox 1132 425 1314 458; x_wconf 83' lang='lat' dir='ltr'>Nicolaum</span> <span class='ocrx_word' id='word_1_44' title='bbox 1338 425 1580 463; x_wconf 83' lang='lat' dir='ltr'>marchionem,</span> <span class='ocrx_word' id='word_1_45' title='bbox 1604 426 1746 458; x_wconf 76' lang='lat' dir='ltr'><strong>fratrem</strong></span> <span class='ocrx_word' id='word_1_46' title='bbox 1769 428 1976 460; x_wconf 89' lang='lat' dir='ltr'><strong>marchionis</strong></span> <span class='ocrx_word' id='word_1_47' title='bbox 1999 429 2094 472; x_wconf 90' lang='lat' dir='ltr'><strong>Ray-</strong></span> 
     </span>
     <span class='ocr_line' id='line_1_7' title="bbox 259 478 2092 524; baseline 0.001 -11"><span class='ocrx_word' id='word_1_48' title='bbox 259 481 354 513; x_wconf 87' lang='lat' dir='ltr'><strong>naldi</strong></span> <span class='ocrx_word' id='word_1_49' title='bbox 370 486 404 513; x_wconf 91' lang='lat' dir='ltr'><strong>et</strong></span> <span class='ocrx_word' id='word_1_50' title='bbox 419 480 619 524; x_wconf 73' lang='lat' dir='ltr'><strong>Oppiconis‚</strong></span> <span class='ocrx_word' id='word_1_51' title='bbox 636 479 780 512; x_wconf 88' lang='lat' dir='ltr'><strong>filiorum</strong></span> <span class='ocrx_word' id='word_1_52' title='bbox 796 478 1016 512; x_wconf 88' lang='lat' dir='ltr'><strong>marchionis&#39;</strong></span> <span class='ocrx_word' id='word_1_53' title='bbox 1032 478 1296 511; x_wconf 87' lang='lat' dir='ltr'><strong>Aldrovandini.</strong></span> <span class='ocrx_word' id='word_1_54' title='bbox 1342 478 1387 510; x_wconf 88' lang='lat' dir='ltr'><strong>Et</strong></span> <span class='ocrx_word' id='word_1_55' title='bbox 1402 478 1532 520; x_wconf 90' lang='lat' dir='ltr'><strong>positus</strong></span> <span class='ocrx_word' id='word_1_56' title='bbox 1548 478 1613 510; x_wconf 80' lang='lat' dir='ltr'><strong>fuit</strong></span> <span class='ocrx_word' id='word_1_57' title='bbox 1628 479 1663 510; x_wconf 90' lang='lat' dir='ltr'><strong>in</strong></span> <span class='ocrx_word' id='word_1_58' title='bbox 1681 479 1878 513; x_wconf 78' lang='lat' dir='ltr'>carceribus</span> <span class='ocrx_word' id='word_1_59' title='bbox 1893 481 1928 512; x_wconf 93' lang='lat' dir='ltr'><strong>in</strong></span> <span class='ocrx_word' id='word_1_60' title='bbox 1945 482 2092 524; x_wconf 89' lang='lat' dir='ltr'><strong>quadam</strong></span> 
     </span>
     <span class='ocr_line' id='line_1_8' title="bbox 256 531 2158 576; baseline 0.001 -10"><span class='ocrx_word' id='word_1_61' title='bbox 256 534 355 567; x_wconf 87' lang='lat' dir='ltr'><strong>cabia</strong></span> <span class='ocrx_word' id='word_1_62' title='bbox 378 533 414 565; x_wconf 92' lang='lat' dir='ltr'><strong>in</strong></span> <span class='ocrx_word' id='word_1_63' title='bbox 430 533 560 575; x_wconf 89' lang='lat' dir='ltr'><strong>palatio</strong></span> <span class='ocrx_word' id='word_1_64' title='bbox 575 542 664 565; x_wconf 91' lang='lat' dir='ltr'><strong>novo</strong></span> <span class='ocrx_word' id='word_1_65' title='bbox 689 533 732 565; x_wconf 90' lang='lat' dir='ltr'><strong>de</strong></span> <span class='ocrx_word' id='word_1_66' title='bbox 754 532 864 564; x_wconf 87' lang='lat' dir='ltr'><strong>Blado</strong></span> <span class='ocrx_word' id='word_1_67' title='bbox 895 532 1049 564; x_wconf 88' lang='lat' dir='ltr'><strong>comunis</strong></span> <span class='ocrx_word' id='word_1_68' title='bbox 1071 531 1257 564; x_wconf 87' lang='lat' dir='ltr'><strong>Bononiae.</strong></span> <span class='ocrx_word' id='word_1_69' title='bbox 1304 531 1382 563; x_wconf 94' lang='lat' dir='ltr'><strong>Hoc</strong></span> <span class='ocrx_word' id='word_1_70' title='bbox 1405 532 1512 569; x_wconf 80' lang='lat' dir='ltr'><strong>facto,</strong></span> <span class='ocrx_word' id='word_1_71' title='bbox 1538 531 1695 564; x_wconf 89' lang='lat' dir='ltr'><strong>dominus</strong></span> <span class='ocrx_word' id='word_1_72' title='bbox 1717 532 1848 576; x_wconf 86' lang='lat' dir='ltr'><strong>legatus</strong></span> <span class='ocrx_word' id='word_1_73' title='bbox 1870 533 1961 566; x_wconf 84' lang='lat' dir='ltr'><strong>misit</strong></span> <span class='ocrx_word' id='word_1_74' title='bbox 1985 534 2094 567; x_wconf 87' lang='lat' dir='ltr'><strong>dictas</strong></span> <span class='ocrx_word' id='word_1_75' title='bbox 2139 534 2158 567; x_wconf 90' lang='lat'>5</span> 
     </span>
     <span class='ocr_line' id='line_1_9' title="bbox 255 582 2094 631; baseline 0.001 -12"><span class='ocrx_word' id='word_1_76' title='bbox 255 598 332 619; x_wconf 83' lang='lat' dir='ltr'><strong>suas</strong></span> <span class='ocrx_word' id='word_1_77' title='bbox 354 592 473 631; x_wconf 84' lang='lat' dir='ltr'><strong>gentes</strong></span> <span class='ocrx_word' id='word_1_78' title='bbox 495 586 541 618; x_wconf 89' lang='lat' dir='ltr'><strong>ad</strong></span> <span class='ocrx_word' id='word_1_79' title='bbox 564 586 782 618; x_wconf 90' lang='lat' dir='ltr'><strong>ossidendum</strong></span> <span class='ocrx_word' id='word_1_80' title='bbox 807 585 982 618; x_wconf 89' lang='lat' dir='ltr'><strong>civitatem</strong></span> <span class='ocrx_word' id='word_1_81' title='bbox 1006 584 1184 618; x_wconf 88' lang='lat' dir='ltr'><strong>Ferrariae</strong></span> <span class='ocrx_word' id='word_1_82' title='bbox 1206 590 1241 616; x_wconf 92' lang='lat' dir='ltr'><strong>et</strong></span> <span class='ocrx_word' id='word_1_83' title='bbox 1263 589 1450 626; x_wconf 89' lang='lat' dir='ltr'><strong>posuerunt</strong></span> <span class='ocrx_word' id='word_1_84' title='bbox 1473 594 1508 615; x_wconf 87' lang='lat' dir='ltr'><strong>se</strong></span> <span class='ocrx_word' id='word_1_85' title='bbox 1532 582 1764 617; x_wconf 88' lang='lat' dir='ltr'><strong>Bononienses</strong></span> <span class='ocrx_word' id='word_1_86' title='bbox 1782 585 1818 617; x_wconf 92' lang='lat' dir='ltr'><strong>in</strong></span> <span class='ocrx_word' id='word_1_87' title='bbox 1842 585 1951 630; x_wconf 89' lang='lat' dir='ltr'><strong>burgo</strong></span> <span class='ocrx_word' id='word_1_88' title='bbox 1975 586 2094 620; x_wconf 87' lang='lat' dir='ltr'><strong>Sancti</strong></span> 
     </span>
     <span class='ocr_line' id='line_1_10' title="bbox 253 637 2093 681; baseline 0.001 -10"><span class='ocrx_word' id='word_1_89' title='bbox 253 639 438 678; x_wconf 87' lang='lat' dir='ltr'><strong>Leonardi,</strong></span> <span class='ocrx_word' id='word_1_90' title='bbox 455 639 617 671; x_wconf 89' lang='lat' dir='ltr'><strong>continue</strong></span> <span class='ocrx_word' id='word_1_91' title='bbox 632 638 834 681; x_wconf 86' lang='lat' dir='ltr'><strong>proeliando</strong></span> <span class='ocrx_word' id='word_1_92' title='bbox 851 638 1025 671; x_wconf 86' lang='lat' dir='ltr'><strong>civitatem</strong></span> <span class='ocrx_word' id='word_1_93' title='bbox 1037 648 1101 680; x_wconf 90' lang='lat' dir='ltr'><strong>per</strong></span> <span class='ocrx_word' id='word_1_94' title='bbox 1112 643 1238 669; x_wconf 90' lang='lat' dir='ltr'><strong>terram</strong></span> <span class='ocrx_word' id='word_1_95' title='bbox 1253 643 1288 669; x_wconf 90' lang='lat' dir='ltr'><strong>et</strong></span> <span class='ocrx_word' id='word_1_96' title='bbox 1303 647 1366 679; x_wconf 89' lang='lat' dir='ltr'><strong>per</strong></span> <span class='ocrx_word' id='word_1_97' title='bbox 1380 647 1515 680; x_wconf 88' lang='lat' dir='ltr'><strong>aquam,</strong></span> <span class='ocrx_word' id='word_1_98' title='bbox 1531 642 1566 669; x_wconf 92' lang='lat' dir='ltr'><strong>et</strong></span> <span class='ocrx_word' id='word_1_99' title='bbox 1581 637 1629 669; x_wconf 90' lang='lat' dir='ltr'><strong>ibi</strong></span> <span class='ocrx_word' id='word_1_100' title='bbox 1644 642 1811 670; x_wconf 88' lang='lat' dir='ltr'><strong>steterunt</strong></span> <span class='ocrx_word' id='word_1_101' title='bbox 1826 649 1889 680; x_wconf 89' lang='lat' dir='ltr'><strong>per</strong></span> <span class='ocrx_word' id='word_1_102' title='bbox 1901 639 1987 671; x_wconf 86' lang='lat' dir='ltr'><strong>duos</strong></span> <span class='ocrx_word' id='word_1_103' title='bbox 1998 650 2093 672; x_wconf 88' lang='lat' dir='ltr'><strong>men-</strong></span> 
     </span>
     <span class='ocr_line' id='line_1_11' title="bbox 254 690 2093 734; baseline -0.001 -8"><span class='ocrx_word' id='word_1_104' title='bbox 254 703 316 726; x_wconf 87' lang='lat' dir='ltr'><strong>ses.</strong></span> <span class='ocrx_word' id='word_1_105' title='bbox 363 691 498 730; x_wconf 84' lang='lat' dir='ltr'><strong>Quibus</strong></span> <span class='ocrx_word' id='word_1_106' title='bbox 513 693 562 725; x_wconf 88' lang='lat' dir='ltr'><strong>sic</strong></span> <span class='ocrx_word' id='word_1_107' title='bbox 586 692 632 724; x_wconf 92' lang='lat' dir='ltr'><strong>ad</strong></span> <span class='ocrx_word' id='word_1_108' title='bbox 655 702 814 734; x_wconf 87' lang='lat' dir='ltr'><strong>campum</strong></span> <span class='ocrx_word' id='word_1_109' title='bbox 830 691 1057 730; x_wconf 86' lang='lat' dir='ltr'><strong>manentibus,</strong></span> <span class='ocrx_word' id='word_1_110' title='bbox 1073 696 1342 733; x_wconf 90' lang='lat' dir='ltr'><strong>supervenerunt</strong></span> <span class='ocrx_word' id='word_1_111' title='bbox 1358 690 1394 722; x_wconf 87' lang='lat' dir='ltr'><strong>in</strong></span> <span class='ocrx_word' id='word_1_112' title='bbox 1410 690 1574 722; x_wconf 89' lang='lat' dir='ltr'><strong>auxilium</strong></span> <span class='ocrx_word' id='word_1_113' title='bbox 1590 690 1798 723; x_wconf 87' lang='lat' dir='ltr'><strong>marchionis</strong></span> <span class='ocrx_word' id='word_1_114' title='bbox 1813 692 1864 723; x_wconf 92' lang='lat' dir='ltr'><strong>illi</strong></span> <span class='ocrx_word' id='word_1_115' title='bbox 1881 693 1924 724; x_wconf 94' lang='lat' dir='ltr'><strong>de</strong></span> <span class='ocrx_word' id='word_1_116' title='bbox 1939 692 1972 724; x_wconf 92' lang='lat' dir='ltr'><strong>la</strong></span> <span class='ocrx_word' id='word_1_117' title='bbox 1989 692 2093 725; x_wconf 88' lang='lat' dir='ltr'><strong>Scala</strong></span> 
     </span>
    </p>

    <p class='ocr_par' dir='ltr' id='par_1_5' title="bbox 248 742 2158 1158">
     <span class='ocr_line' id='line_1_12' title="bbox 253 742 2093 789; baseline 0 -11"><span class='ocrx_word' id='word_1_118' title='bbox 253 746 296 778; x_wconf 89' lang='lat' dir='ltr'><strong>de</strong></span> <span class='ocrx_word' id='word_1_119' title='bbox 327 746 476 784; x_wconf 84' lang='lat' dir='ltr'><strong>Verona,</strong></span> <span class='ocrx_word' id='word_1_120' title='bbox 507 745 558 777; x_wconf 90' lang='lat' dir='ltr'><strong>illi</strong></span> <span class='ocrx_word' id='word_1_121' title='bbox 589 745 632 777; x_wconf 93' lang='lat' dir='ltr'><strong>de</strong></span> <span class='ocrx_word' id='word_1_122' title='bbox 663 745 830 788; x_wconf 74' lang='lat' dir='ltr'><strong>Goncaga</strong></span> <span class='ocrx_word' id='word_1_123' title='bbox 859 744 1035 783; x_wconf 84' lang='lat' dir='ltr'><strong>Mantuae,</strong></span> <span class='ocrx_word' id='word_1_124' title='bbox 1066 744 1117 775; x_wconf 90' lang='lat' dir='ltr'><strong>illi</strong></span> <span class='ocrx_word' id='word_1_125' title='bbox 1149 743 1279 776; x_wconf 90' lang='lat' dir='ltr'><strong>domini</strong></span> <span class='ocrx_word' id='word_1_126' title='bbox 1307 742 1439 786; x_wconf 75' lang='lat' dir='ltr'><strong>Aconis</strong></span> <span class='ocrx_word' id='word_1_127' title='bbox 1470 742 1693 775; x_wconf 89' lang='lat' dir='ltr'><strong>Vicecomitis</strong></span> <span class='ocrx_word' id='word_1_128' title='bbox 1723 743 1915 777; x_wconf 90' lang='lat' dir='ltr'><strong>Mediolani</strong></span> <span class='ocrx_word' id='word_1_129' title='bbox 1945 750 1979 778; x_wconf 90' lang='lat' dir='ltr'><strong>et</strong></span> <span class='ocrx_word' id='word_1_130' title='bbox 2009 755 2093 789; x_wconf 88' lang='lat' dir='ltr'><strong>gens</strong></span> 
     </span>
     <span class='ocr_line' id='line_1_13' title="bbox 252 796 2158 841; baseline 0 -10"><span class='ocrx_word' id='word_1_131' title='bbox 252 799 526 832; x_wconf 89' lang='lat' dir='ltr'><strong>Florentinorum</strong></span> <span class='ocrx_word' id='word_1_132' title='bbox 541 803 575 830; x_wconf 87' lang='lat' dir='ltr'><strong>et</strong></span> <span class='ocrx_word' id='word_1_133' title='bbox 591 797 819 841; x_wconf 87' lang='lat' dir='ltr'><strong>confligerunt</strong></span> <span class='ocrx_word' id='word_1_134' title='bbox 842 806 959 829; x_wconf 86' lang='lat' dir='ltr'><strong>omnes</strong></span> <span class='ocrx_word' id='word_1_135' title='bbox 974 802 1094 840; x_wconf 81' lang='lat' dir='ltr'><strong>gentes</strong></span> <span class='ocrx_word' id='word_1_136' title='bbox 1111 796 1240 828; x_wconf 89' lang='lat' dir='ltr'><strong>domini</strong></span> <span class='ocrx_word' id='word_1_137' title='bbox 1256 796 1361 839; x_wconf 82' lang='lat' dir='ltr'><strong>legati</strong></span> <span class='ocrx_word' id='word_1_138' title='bbox 1378 796 1556 828; x_wconf 86' lang='lat' dir='ltr'><strong>Ecclesiae</strong></span> <span class='ocrx_word' id='word_1_139' title='bbox 1571 801 1605 827; x_wconf 89' lang='lat' dir='ltr'><strong>et</strong></span> <span class='ocrx_word' id='word_1_140' title='bbox 1623 797 1777 828; x_wconf 91' lang='lat' dir='ltr'><strong>comunis</strong></span> <span class='ocrx_word' id='word_1_141' title='bbox 1792 796 1978 837; x_wconf 83' lang='lat' dir='ltr'><strong>Bononiae,</strong></span> <span class='ocrx_word' id='word_1_142' title='bbox 1995 799 2093 841; x_wconf 80' lang='lat' dir='ltr'><strong>quasi</strong></span> <span class='ocrx_word' id='word_1_143' title='bbox 2119 799 2158 831; x_wconf 92' lang='lat'><strong>10</strong></span> 
     </span>
     <span class='ocr_line' id='line_1_14' title="bbox 251 848 2092 892; baseline -0.001 -8"><span class='ocrx_word' id='word_1_144' title='bbox 251 862 368 885; x_wconf 90' lang='lat' dir='ltr'><strong>omnes</strong></span> <span class='ocrx_word' id='word_1_145' title='bbox 390 851 627 884; x_wconf 89' lang='lat' dir='ltr'><strong>interficiendo</strong></span> <span class='ocrx_word' id='word_1_146' title='bbox 651 856 685 883; x_wconf 88' lang='lat' dir='ltr'><strong>et</strong></span> <span class='ocrx_word' id='word_1_147' title='bbox 708 851 889 892; x_wconf 91' lang='lat' dir='ltr'><strong>capiendo,</strong></span> <span class='ocrx_word' id='word_1_148' title='bbox 913 855 948 882; x_wconf 93' lang='lat' dir='ltr'><strong>et</strong></span> <span class='ocrx_word' id='word_1_149' title='bbox 970 850 1068 882; x_wconf 87' lang='lat' dir='ltr'><strong>multi</strong></span> <span class='ocrx_word' id='word_1_150' title='bbox 1088 849 1250 881; x_wconf 78' lang='lat' dir='ltr'><strong>suffocati</strong></span> <span class='ocrx_word' id='word_1_151' title='bbox 1273 849 1413 881; x_wconf 84' lang='lat' dir='ltr'><strong>fuerunt</strong></span> <span class='ocrx_word' id='word_1_152' title='bbox 1436 849 1472 880; x_wconf 93' lang='lat' dir='ltr'><strong>in</strong></span> <span class='ocrx_word' id='word_1_153' title='bbox 1496 848 1603 881; x_wconf 88' lang='lat' dir='ltr'><strong>Pado.</strong></span> <span class='ocrx_word' id='word_1_154' title='bbox 1650 849 1680 881; x_wconf 92' lang='lat' dir='ltr'><strong>E</strong></span> <span class='ocrx_word' id='word_1_155' title='bbox 1697 859 1800 882; x_wconf 90' lang='lat' dir='ltr'><strong>causa</strong></span> <span class='ocrx_word' id='word_1_156' title='bbox 1824 850 1938 882; x_wconf 86' lang='lat' dir='ltr'><strong>dictae</strong></span> <span class='ocrx_word' id='word_1_157' title='bbox 1961 851 2092 883; x_wconf 87' lang='lat' dir='ltr'><strong>discor-</strong></span> 
     </span>
     <span class='ocr_line' id='line_1_15' title="bbox 252 901 2092 947; baseline -0.001 -9"><span class='ocrx_word' id='word_1_158' title='bbox 252 907 330 938; x_wconf 86' lang='lat' dir='ltr'><strong>diae</strong></span> <span class='ocrx_word' id='word_1_159' title='bbox 353 905 430 943; x_wconf 80' lang='lat' dir='ltr'><strong>fuit,</strong></span> <span class='ocrx_word' id='word_1_160' title='bbox 455 905 535 947; x_wconf 90' lang='lat' dir='ltr'><strong>quia</strong></span> <span class='ocrx_word' id='word_1_161' title='bbox 557 904 772 936; x_wconf 88' lang='lat' dir='ltr'><strong>marchiones</strong></span> <span class='ocrx_word' id='word_1_162' title='bbox 795 902 958 935; x_wconf 87' lang='lat' dir='ltr'><strong>volebant</strong></span> <span class='ocrx_word' id='word_1_163' title='bbox 980 903 1097 934; x_wconf 84' lang='lat' dir='ltr'><strong>facere</strong></span> <span class='ocrx_word' id='word_1_164' title='bbox 1121 902 1305 945; x_wconf 88' lang='lat' dir='ltr'><strong>quamdam</strong></span> <span class='ocrx_word' id='word_1_165' title='bbox 1330 901 1480 934; x_wconf 75' lang='lat' dir='ltr'><strong>foveam&#39;</strong></span> <span class='ocrx_word' id='word_1_166' title='bbox 1497 912 1561 944; x_wconf 92' lang='lat' dir='ltr'><strong>pro</strong></span> <span class='ocrx_word' id='word_1_167' title='bbox 1574 902 1830 934; x_wconf 79' lang='lat' dir='ltr'><strong>.fortificatione</strong></span> <span class='ocrx_word' id='word_1_168' title='bbox 1854 903 2017 935; x_wconf 84' lang='lat' dir='ltr'><strong>territorii</strong></span> <span class='ocrx_word' id='word_1_169' title='bbox 2040 903 2092 936; x_wconf 73' lang='lat' dir='ltr'><strong>fe-</strong></span> 
     </span>
     <span class='ocr_line' id='line_1_16' title="bbox 251 955 2092 999; baseline -0.001 -8"><span class='ocrx_word' id='word_1_170' title='bbox 251 959 419 991; x_wconf 86' lang='lat' dir='ltr'><strong>rariensis.</strong></span> <span class='ocrx_word' id='word_1_171' title='bbox 465 957 569 999; x_wconf 89' lang='lat' dir='ltr'><strong>Capti</strong></span> <span class='ocrx_word' id='word_1_172' title='bbox 584 963 697 989; x_wconf 89' lang='lat' dir='ltr'><strong>autem</strong></span> <span class='ocrx_word' id='word_1_173' title='bbox 713 956 864 995; x_wconf 79' lang='lat' dir='ltr'><strong>fuerunt,</strong></span> <span class='ocrx_word' id='word_1_174' title='bbox 880 956 916 987; x_wconf 90' lang='lat' dir='ltr'><strong>in</strong></span> <span class='ocrx_word' id='word_1_175' title='bbox 933 955 1028 988; x_wconf 91' lang='lat' dir='ltr'><strong>dicto</strong></span> <span class='ocrx_word' id='word_1_176' title='bbox 1044 955 1208 987; x_wconf 90' lang='lat' dir='ltr'><strong>conflictu</strong></span> <span class='ocrx_word' id='word_1_177' title='bbox 1224 955 1454 998; x_wconf 86' lang='lat' dir='ltr'><strong>quamplures,</strong></span> <span class='ocrx_word' id='word_1_178' title='bbox 1477 955 1568 987; x_wconf 88' lang='lat' dir='ltr'><strong>inter</strong></span> <span class='ocrx_word' id='word_1_179' title='bbox 1591 965 1676 998; x_wconf 85' lang='lat' dir='ltr'><strong>quos</strong></span> <span class='ocrx_word' id='word_1_180' title='bbox 1699 956 1793 997; x_wconf 86' lang='lat' dir='ltr'><strong>capti</strong></span> <span class='ocrx_word' id='word_1_181' title='bbox 1816 956 1955 989; x_wconf 77' lang='lat' dir='ltr'><strong>fuerunt</strong></span> <span class='ocrx_word' id='word_1_182' title='bbox 1978 966 2092 990; x_wconf 88' lang='lat' dir='ltr'><strong>comes</strong></span> 
     </span>
     <span class='ocr_line' id='line_1_17' title="bbox 250 1008 2091 1052; baseline -0.001 -8"><span class='ocrx_word' id='word_1_183' title='bbox 250 1012 294 1044; x_wconf 90' lang='lat' dir='ltr'><strong>de</strong></span> <span class='ocrx_word' id='word_1_184' title='bbox 316 1011 551 1050; x_wconf 90' lang='lat' dir='ltr'><strong>Arminiacho‚</strong></span> <span class='ocrx_word' id='word_1_185' title='bbox 575 1010 775 1052; x_wconf 88' lang='lat' dir='ltr'><strong>capitaneus</strong></span> <span class='ocrx_word' id='word_1_186' title='bbox 798 1009 902 1041; x_wconf 88' lang='lat' dir='ltr'><strong>totius</strong></span> <span class='ocrx_word' id='word_1_187' title='bbox 923 1009 1036 1052; x_wconf 85' lang='lat' dir='ltr'><strong>gentis</strong></span> <span class='ocrx_word' id='word_1_188' title='bbox 1050 1008 1238 1047; x_wconf 86' lang='lat' dir='ltr'><strong>Ecclesiae,</strong></span> <span class='ocrx_word' id='word_1_189' title='bbox 1262 1008 1322 1040; x_wconf 85' lang='lat' dir='ltr'><strong>alii</strong></span> <span class='ocrx_word' id='word_1_190' title='bbox 1345 1008 1389 1040; x_wconf 90' lang='lat' dir='ltr'><strong>de</strong></span> <span class='ocrx_word' id='word_1_191' title='bbox 1411 1008 1614 1047; x_wconf 84' lang='lat' dir='ltr'><strong>Malatestis‚</strong></span> <span class='ocrx_word' id='word_1_192' title='bbox 1631 1008 1674 1040; x_wconf 91' lang='lat' dir='ltr'><strong>de</strong></span> <span class='ocrx_word' id='word_1_193' title='bbox 1697 1008 1852 1048; x_wconf 88' lang='lat' dir='ltr'><strong>Polenta,</strong></span> <span class='ocrx_word' id='word_1_194' title='bbox 1869 1009 1912 1041; x_wconf 92' lang='lat' dir='ltr'><strong>de</strong></span> <span class='ocrx_word' id='word_1_195' title='bbox 1929 1009 2091 1049; x_wconf 89' lang='lat' dir='ltr'><strong>Forlivio,</strong></span> 
     </span>
     <span class='ocr_line' id='line_1_18' title="bbox 249 1061 2155 1105; baseline -0.002 -7"><span class='ocrx_word' id='word_1_196' title='bbox 249 1066 293 1098; x_wconf 88' lang='lat' dir='ltr'><strong>de</strong></span> <span class='ocrx_word' id='word_1_197' title='bbox 315 1066 494 1103; x_wconf 86' lang='lat' dir='ltr'><strong>Ravenna,</strong></span> <span class='ocrx_word' id='word_1_198' title='bbox 511 1064 554 1096; x_wconf 92' lang='lat' dir='ltr'><strong>de</strong></span> <span class='ocrx_word' id='word_1_199' title='bbox 577 1063 754 1101; x_wconf 87' lang='lat' dir='ltr'><strong>Faventia,</strong></span> <span class='ocrx_word' id='word_1_200' title='bbox 771 1062 814 1094; x_wconf 93' lang='lat' dir='ltr'><strong>de</strong></span> <span class='ocrx_word' id='word_1_201' title='bbox 836 1062 954 1100; x_wconf 89' lang='lat' dir='ltr'><strong>Imola,</strong></span> <span class='ocrx_word' id='word_1_202' title='bbox 972 1062 1031 1104; x_wconf 90' lang='lat' dir='ltr'><strong>qui</strong></span> <span class='ocrx_word' id='word_1_203' title='bbox 1047 1071 1165 1094; x_wconf 88' lang='lat' dir='ltr'><strong>omnes</strong></span> <span class='ocrx_word' id='word_1_204' title='bbox 1182 1062 1322 1093; x_wconf 77' lang='lat' dir='ltr'><strong>fuerunt</strong></span> <span class='ocrx_word' id='word_1_205' title='bbox 1344 1061 1475 1093; x_wconf 90' lang='lat' dir='ltr'><strong>domini</strong></span> <span class='ocrx_word' id='word_1_206' title='bbox 1499 1071 1634 1093; x_wconf 88' lang='lat' dir='ltr'><strong>suarum</strong></span> <span class='ocrx_word' id='word_1_207' title='bbox 1658 1061 1836 1093; x_wconf 91' lang='lat' dir='ltr'><strong>civitatum</strong></span> <span class='ocrx_word' id='word_1_208' title='bbox 1843 1074 1852 1100; x_wconf 82' lang='lat'>3</span> <span class='ocrx_word' id='word_1_209' title='bbox 1870 1063 1929 1105; x_wconf 93' lang='lat' dir='ltr'><strong>qui</strong></span> <span class='ocrx_word' id='word_1_210' title='bbox 1952 1062 1995 1094; x_wconf 90' lang='lat' dir='ltr'><strong>de</strong></span> <span class='ocrx_word' id='word_1_211' title='bbox 2017 1062 2091 1095; x_wconf 89' lang='lat' dir='ltr'><strong>Ro·</strong></span> <span class='ocrx_word' id='word_1_212' title='bbox 2118 1061 2155 1095; x_wconf 87' lang='lat'><strong>15</strong></span> 
     </span>
     <span class='ocr_line' id='line_1_19' title="bbox 248 1113 2089 1158; baseline -0.002 -7"><span class='ocrx_word' id='word_1_213' title='bbox 248 1118 421 1151; x_wconf 88' lang='lat' dir='ltr'><strong>mandiola</strong></span> <span class='ocrx_word' id='word_1_214' title='bbox 437 1117 605 1150; x_wconf 89' lang='lat' dir='ltr'><strong>carcerati</strong></span> <span class='ocrx_word' id='word_1_215' title='bbox 628 1116 777 1154; x_wconf 78' lang='lat' dir='ltr'><strong>fuerunt,</strong></span> <span class='ocrx_word' id='word_1_216' title='bbox 793 1121 828 1147; x_wconf 90' lang='lat' dir='ltr'><strong>et</strong></span> <span class='ocrx_word' id='word_1_217' title='bbox 850 1120 928 1158; x_wconf 87' lang='lat' dir='ltr'><strong>post</strong></span> <span class='ocrx_word' id='word_1_218' title='bbox 950 1115 1089 1158; x_wconf 90' lang='lat' dir='ltr'><strong>longam</strong></span> <span class='ocrx_word' id='word_1_219' title='bbox 1113 1115 1383 1146; x_wconf 90' lang='lat' dir='ltr'><strong>carcerationem</strong></span> <span class='ocrx_word' id='word_1_220' title='bbox 1407 1124 1443 1146; x_wconf 90' lang='lat' dir='ltr'><strong>se</strong></span> <span class='ocrx_word' id='word_1_221' title='bbox 1466 1113 1676 1146; x_wconf 88' lang='lat' dir='ltr'><strong>redimerunt</strong></span> <span class='ocrx_word' id='word_1_222' title='bbox 1698 1119 1733 1146; x_wconf 85' lang='lat' dir='ltr'><strong>et</strong></span> <span class='ocrx_word' id='word_1_223' title='bbox 1756 1114 1910 1147; x_wconf 88' lang='lat' dir='ltr'><strong>relassati</strong></span> <span class='ocrx_word' id='word_1_224' title='bbox 1932 1115 2089 1154; x_wconf 77' lang='lat' dir='ltr'><strong>fuerunt3</strong></span> 
     </span>
    </p>

    <p class='ocr_par' dir='ltr' id='par_1_6' title="bbox 247 1167 2090 1320">
     <span class='ocr_line' id='line_1_20' title="bbox 247 1167 2090 1210; baseline -0.002 -6"><span class='ocrx_word' id='word_1_225' title='bbox 247 1177 282 1204; x_wconf 88' lang='lat' dir='ltr'><strong>et</strong></span> <span class='ocrx_word' id='word_1_226' title='bbox 304 1181 382 1204; x_wconf 93' lang='lat' dir='ltr'><strong>cum</strong></span> <span class='ocrx_word' id='word_1_227' title='bbox 405 1172 546 1203; x_wconf 65' lang='lat' dir='ltr'><strong>fuerunt</strong></span> <span class='ocrx_word' id='word_1_228' title='bbox 568 1169 614 1202; x_wconf 90' lang='lat' dir='ltr'><strong>ad</strong></span> <span class='ocrx_word' id='word_1_229' title='bbox 637 1169 756 1202; x_wconf 91' lang='lat' dir='ltr'><strong>domos</strong></span> <span class='ocrx_word' id='word_1_230' title='bbox 778 1179 866 1207; x_wconf 88' lang='lat' dir='ltr'><strong>suas,</strong></span> <span class='ocrx_word' id='word_1_231' title='bbox 890 1169 1012 1201; x_wconf 91' lang='lat' dir='ltr'><strong>iterum</strong></span> <span class='ocrx_word' id='word_1_232' title='bbox 1036 1167 1225 1200; x_wconf 90' lang='lat' dir='ltr'><strong>dominium</strong></span> <span class='ocrx_word' id='word_1_233' title='bbox 1248 1173 1458 1210; x_wconf 90' lang='lat' dir='ltr'><strong>acceperunt</strong></span> <span class='ocrx_word' id='word_1_234' title='bbox 1482 1177 1618 1199; x_wconf 88' lang='lat' dir='ltr'><strong>suarum</strong></span> <span class='ocrx_word' id='word_1_235' title='bbox 1641 1172 1818 1206; x_wconf 87' lang='lat' dir='ltr'><strong>terrarum,</strong></span> <span class='ocrx_word' id='word_1_236' title='bbox 1835 1177 1871 1200; x_wconf 87' lang='lat' dir='ltr'><strong>se</strong></span> <span class='ocrx_word' id='word_1_237' title='bbox 1886 1167 2090 1201; x_wconf 86' lang='lat' dir='ltr'><strong>rebellantes</strong></span> 
     </span>
     <span class='ocr_line' id='line_1_21' title="bbox 247 1219 2090 1269; baseline -0.002 -11"><span class='ocrx_word' id='word_1_238' title='bbox 247 1225 370 1269; x_wconf 88' lang='lat' dir='ltr'><strong>legato.</strong></span> <span class='ocrx_word' id='word_1_239' title='bbox 416 1225 463 1257; x_wconf 87' lang='lat' dir='ltr'><strong>Et</strong></span> <span class='ocrx_word' id='word_1_240' title='bbox 485 1223 597 1266; x_wconf 91' lang='lat' dir='ltr'><strong>primo</strong></span> <span class='ocrx_word' id='word_1_241' title='bbox 619 1223 670 1255; x_wconf 87' lang='lat' dir='ltr'><strong>illi</strong></span> <span class='ocrx_word' id='word_1_242' title='bbox 693 1222 737 1255; x_wconf 90' lang='lat' dir='ltr'><strong>de</strong></span> <span class='ocrx_word' id='word_1_243' title='bbox 760 1221 924 1260; x_wconf 89' lang='lat' dir='ltr'><strong>Forlivio,</strong></span> <span class='ocrx_word' id='word_1_244' title='bbox 947 1226 1067 1263; x_wconf 88' lang='lat' dir='ltr'><strong>postea</strong></span> <span class='ocrx_word' id='word_1_245' title='bbox 1089 1219 1294 1260; x_wconf 90' lang='lat' dir='ltr'><strong>Ariminum,</strong></span> <span class='ocrx_word' id='word_1_246' title='bbox 1318 1226 1438 1262; x_wconf 88' lang='lat' dir='ltr'><strong>postea</strong></span> <span class='ocrx_word' id='word_1_247' title='bbox 1460 1220 1651 1252; x_wconf 88' lang='lat' dir='ltr'><strong>Ravennae</strong></span> <span class='ocrx_word' id='word_1_248' title='bbox 1667 1226 1702 1253; x_wconf 90' lang='lat' dir='ltr'><strong>et</strong></span> <span class='ocrx_word' id='word_1_249' title='bbox 1717 1220 1863 1253; x_wconf 89' lang='lat' dir='ltr'><strong>Cerviae</strong></span> <span class='ocrx_word' id='word_1_250' title='bbox 1879 1226 1914 1253; x_wconf 88' lang='lat' dir='ltr'><strong>et</strong></span> <span class='ocrx_word' id='word_1_251' title='bbox 1929 1221 1998 1254; x_wconf 88' lang='lat' dir='ltr'><strong>alii.</strong></span> <span class='ocrx_word' id='word_1_252' title='bbox 2044 1221 2090 1254; x_wconf 89' lang='lat' dir='ltr'><strong>Et</strong></span> 
     </span>
     <span class='ocr_line' id='line_1_22' title="bbox 247 1272 1559 1320; baseline -0.004 -9"><span class='ocrx_word' id='word_1_253' title='bbox 247 1278 463 1311; x_wconf 88' lang='lat' dir='ltr'><strong>marchiones</strong></span> <span class='ocrx_word' id='word_1_254' title='bbox 484 1283 603 1320; x_wconf 88' lang='lat' dir='ltr'><strong>postea</strong></span> <span class='ocrx_word' id='word_1_255' title='bbox 624 1274 825 1320; x_wconf 87' lang='lat' dir='ltr'><strong>Argentam‚</strong></span> <span class='ocrx_word' id='word_1_256' title='bbox 850 1285 952 1317; x_wconf 91' lang='lat' dir='ltr'><strong>quam</strong></span> <span class='ocrx_word' id='word_1_257' title='bbox 976 1273 1145 1306; x_wconf 87' lang='lat' dir='ltr'><strong>cardinali</strong></span> <span class='ocrx_word' id='word_1_258' title='bbox 1168 1273 1357 1306; x_wconf 88' lang='lat' dir='ltr'><strong>obsidicem</strong></span> <span class='ocrx_word' id='word_1_259' title='bbox 1382 1272 1559 1306; x_wconf 82' lang='lat' dir='ltr'><strong>dederant.</strong></span> 
     </span>
    </p>

    <p class='ocr_par' dir='ltr' id='par_1_7' title="bbox 245 1326 2154 1642">
     <span class='ocr_line' id='line_1_23' title="bbox 334 1326 2154 1368; baseline -0.002 -4"><span class='ocrx_word' id='word_1_260' title='bbox 334 1332 467 1365; x_wconf 88' lang='lat' dir='ltr'><strong>Eodem</strong></span> <span class='ocrx_word' id='word_1_261' title='bbox 489 1339 591 1363; x_wconf 88' lang='lat' dir='ltr'><strong>anno.</strong></span> <span class='ocrx_word' id='word_1_262' title='bbox 616 1348 658 1352; x_wconf 90' lang='lat'><strong>—</strong></span> <span class='ocrx_word' id='word_1_263' title='bbox 681 1329 760 1362; x_wconf 86' lang='lat' dir='ltr'><strong>Rex</strong></span> <span class='ocrx_word' id='word_1_264' title='bbox 782 1327 954 1366; x_wconf 91' lang='lat' dir='ltr'><strong>Boemiae,</strong></span> <span class='ocrx_word' id='word_1_265' title='bbox 979 1327 1036 1359; x_wconf 92' lang='lat' dir='ltr'><strong>die</strong></span> <span class='ocrx_word' id='word_1_266' title='bbox 1059 1336 1165 1368; x_wconf 84' lang='lat' dir='ltr'><strong>xxv1J</strong></span> <span class='ocrx_word' id='word_1_267' title='bbox 1188 1326 1368 1366; x_wconf 70' lang='lat' dir='ltr'><strong>februarii,</strong></span> <span class='ocrx_word' id='word_1_268' title='bbox 1392 1326 1488 1359; x_wconf 88' lang='lat' dir='ltr'><strong>venit</strong></span> <span class='ocrx_word' id='word_1_269' title='bbox 1511 1326 1548 1358; x_wconf 91' lang='lat' dir='ltr'><strong>in</strong></span> <span class='ocrx_word' id='word_1_270' title='bbox 1569 1326 1826 1367; x_wconf 90' lang='lat' dir='ltr'><strong>Lombardiam‚</strong></span> <span class='ocrx_word' id='word_1_271' title='bbox 1850 1327 1888 1359; x_wconf 90' lang='lat' dir='ltr'><strong>in</strong></span> <span class='ocrx_word' id='word_1_272' title='bbox 1910 1327 2089 1360; x_wconf 86' lang='lat' dir='ltr'><strong>Placentia</strong></span> <span class='ocrx_word' id='word_1_273' title='bbox 2111 1329 2154 1360; x_wconf 87' lang='lat'><strong>20</strong></span> 
     </span>
     <span class='ocr_line' id='line_1_24' title="bbox 246 1378 2090 1425; baseline -0.003 -7"><span class='ocrx_word' id='word_1_274' title='bbox 246 1390 281 1418; x_wconf 88' lang='lat' dir='ltr'><strong>et</strong></span> <span class='ocrx_word' id='word_1_275' title='bbox 302 1385 340 1417; x_wconf 86' lang='lat' dir='ltr'><strong>in</strong></span> <span class='ocrx_word' id='word_1_276' title='bbox 363 1385 487 1417; x_wconf 88' lang='lat' dir='ltr'><strong>Parma</strong></span> <span class='ocrx_word' id='word_1_277' title='bbox 509 1394 587 1416; x_wconf 92' lang='lat' dir='ltr'><strong>cum</strong></span> <span class='ocrx_word' id='word_1_278' title='bbox 605 1392 661 1415; x_wconf 88' lang='grc' dir='ltr'><strong>ΜΜ</strong></span> <span class='ocrx_word' id='word_1_279' title='bbox 683 1381 857 1425; x_wconf 87' lang='lat' dir='ltr'><strong>equitibus</strong></span> <span class='ocrx_word' id='word_1_280' title='bbox 879 1386 914 1413; x_wconf 92' lang='lat' dir='ltr'><strong>et</strong></span> <span class='ocrx_word' id='word_1_281' title='bbox 937 1390 1015 1412; x_wconf 92' lang='lat' dir='ltr'><strong>cum</strong></span> <span class='ocrx_word' id='word_1_282' title='bbox 1038 1380 1156 1412; x_wconf 90' lang='lat' dir='ltr'><strong>multis</strong></span> <span class='ocrx_word' id='word_1_283' title='bbox 1178 1379 1366 1412; x_wconf 85' lang='lat' dir='ltr'><strong>baronibus</strong></span> <span class='ocrx_word' id='word_1_284' title='bbox 1390 1380 1433 1412; x_wconf 90' lang='lat' dir='ltr'><strong>de</strong></span> <span class='ocrx_word' id='word_1_285' title='bbox 1456 1380 1599 1413; x_wconf 89' lang='lat' dir='ltr'><strong>Frantia</strong></span> <span class='ocrx_word' id='word_1_286' title='bbox 1614 1386 1649 1412; x_wconf 86' lang='lat' dir='ltr'><strong>et</strong></span> <span class='ocrx_word' id='word_1_287' title='bbox 1671 1378 1880 1413; x_wconf 86' lang='lat' dir='ltr'><strong>Alamannia</strong></span> <span class='ocrx_word' id='word_1_288' title='bbox 1903 1380 1947 1413; x_wconf 91' lang='lat' dir='ltr'><strong>de</strong></span> <span class='ocrx_word' id='word_1_289' title='bbox 1968 1381 2090 1414; x_wconf 89' lang='lat' dir='ltr'><strong>volun-</strong></span> 
     </span>
     <span class='ocr_line' id='line_1_25' title="bbox 245 1432 2088 1480; baseline -0.003 -8"><span class='ocrx_word' id='word_1_290' title='bbox 245 1444 315 1472; x_wconf 82' lang='lat' dir='ltr'><strong>tate</strong></span> <span class='ocrx_word' id='word_1_291' title='bbox 339 1438 470 1472; x_wconf 91' lang='lat' dir='ltr'><strong>domini</strong></span> <span class='ocrx_word' id='word_1_292' title='bbox 493 1447 614 1480; x_wconf 90' lang='lat' dir='ltr'><strong>papae,</strong></span> <span class='ocrx_word' id='word_1_293' title='bbox 632 1434 763 1469; x_wconf 89' lang='lat' dir='ltr'><strong>domini</strong></span> <span class='ocrx_word' id='word_1_294' title='bbox 786 1433 1004 1476; x_wconf 88' lang='lat' dir='ltr'><strong>imperatoris</strong></span> <span class='ocrx_word' id='word_1_295' title='bbox 1026 1439 1060 1465; x_wconf 92' lang='lat' dir='ltr'><strong>et</strong></span> <span class='ocrx_word' id='word_1_296' title='bbox 1083 1433 1175 1477; x_wconf 89' lang='lat' dir='ltr'><strong>regis</strong></span> <span class='ocrx_word' id='word_1_297' title='bbox 1190 1432 1361 1465; x_wconf 87' lang='lat' dir='ltr'><strong>Franciae</strong></span> <span class='ocrx_word' id='word_1_298' title='bbox 1376 1438 1410 1465; x_wconf 90' lang='lat' dir='ltr'><strong>et</strong></span> <span class='ocrx_word' id='word_1_299' title='bbox 1435 1432 1567 1465; x_wconf 91' lang='lat' dir='ltr'><strong>domini</strong></span> <span class='ocrx_word' id='word_1_300' title='bbox 1583 1433 1689 1477; x_wconf 85' lang='lat' dir='ltr'><strong>legati</strong></span> <span class='ocrx_word' id='word_1_301' title='bbox 1704 1433 1893 1466; x_wconf 89' lang='lat' dir='ltr'><strong>Bononiae.</strong></span> <span class='ocrx_word' id='word_1_302' title='bbox 1931 1433 1977 1466; x_wconf 86' lang='lat' dir='ltr'><strong>Et</strong></span> <span class='ocrx_word' id='word_1_303' title='bbox 1991 1433 2088 1477; x_wconf 89' lang='lat' dir='ltr'><strong>equi-</strong></span> 
     </span>
     <span class='ocr_line' id='line_1_26' title="bbox 245 1486 2086 1534; baseline -0.003 -9"><span class='ocrx_word' id='word_1_304' title='bbox 245 1497 404 1525; x_wconf 86' lang='lat' dir='ltr'><strong>taverunt</strong></span> <span class='ocrx_word' id='word_1_305' title='bbox 426 1491 570 1534; x_wconf 88' lang='lat' dir='ltr'><strong>Papiam</strong></span> <span class='ocrx_word' id='word_1_306' title='bbox 593 1495 628 1522; x_wconf 89' lang='lat' dir='ltr'><strong>et</strong></span> <span class='ocrx_word' id='word_1_307' title='bbox 650 1488 924 1521; x_wconf 78' lang='lat' dir='ltr'><strong>fortificaverunt</strong></span> <span class='ocrx_word' id='word_1_308' title='bbox 947 1491 1098 1519; x_wconf 86' lang='lat' dir='ltr'><strong>castrum</strong></span> <span class='ocrx_word' id='word_1_309' title='bbox 1121 1486 1251 1528; x_wconf 87' lang='lat' dir='ltr'><strong>Papiae</strong></span> <span class='ocrx_word' id='word_1_310' title='bbox 1273 1496 1337 1528; x_wconf 90' lang='lat' dir='ltr'><strong>pro</strong></span> <span class='ocrx_word' id='word_1_311' title='bbox 1360 1496 1396 1518; x_wconf 90' lang='lat' dir='ltr'><strong>se</strong></span> <span class='ocrx_word' id='word_1_312' title='bbox 1419 1491 1454 1518; x_wconf 91' lang='lat' dir='ltr'><strong>et</strong></span> <span class='ocrx_word' id='word_1_313' title='bbox 1477 1486 1719 1518; x_wconf 85' lang='lat' dir='ltr'><strong>destruxerunt</strong></span> <span class='ocrx_word' id='word_1_314' title='bbox 1745 1491 1854 1518; x_wconf 89' lang='lat' dir='ltr'><strong>totum</strong></span> <span class='ocrx_word' id='word_1_315' title='bbox 1886 1486 2086 1519; x_wconf 84' lang='lat' dir='ltr'><strong>comitatum</strong></span> 
     </span>
     <span class='ocr_line' id='line_1_27' title="bbox 245 1538 2088 1588; baseline -0.004 -9"><span class='ocrx_word' id='word_1_316' title='bbox 245 1546 385 1588; x_wconf 88' lang='lat' dir='ltr'><strong>Papiae,</strong></span> <span class='ocrx_word' id='word_1_317' title='bbox 400 1543 593 1577; x_wconf 87' lang='lat' dir='ltr'><strong>Mediolani</strong></span> <span class='ocrx_word' id='word_1_318' title='bbox 615 1548 650 1575; x_wconf 91' lang='lat' dir='ltr'><strong>et</strong></span> <span class='ocrx_word' id='word_1_319' title='bbox 672 1540 831 1585; x_wconf 88' lang='lat' dir='ltr'><strong>Pergami</strong></span> <span class='ocrx_word' id='word_1_320' title='bbox 855 1545 976 1573; x_wconf 92' lang='lat' dir='ltr'><strong>contra</strong></span> <span class='ocrx_word' id='word_1_321' title='bbox 993 1540 1170 1572; x_wconf 92' lang='lat' dir='ltr'><strong>dominum</strong></span> <span class='ocrx_word' id='word_1_322' title='bbox 1187 1538 1341 1571; x_wconf 87' lang='lat' dir='ltr'><strong>Azonem</strong></span> <span class='ocrx_word' id='word_1_323' title='bbox 1357 1539 1620 1578; x_wconf 90' lang='lat' dir='ltr'><strong>Vicecomitem,</strong></span> <span class='ocrx_word' id='word_1_324' title='bbox 1637 1539 1697 1583; x_wconf 91' lang='lat' dir='ltr'><strong>qui</strong></span> <span class='ocrx_word' id='word_1_325' title='bbox 1717 1540 1914 1582; x_wconf 88' lang='lat' dir='ltr'><strong>praedictas</strong></span> <span class='ocrx_word' id='word_1_326' title='bbox 1929 1539 2088 1572; x_wconf 85' lang='lat' dir='ltr'><strong>civitates</strong></span> 
     </span>
     <span class='ocr_line' id='line_1_28' title="bbox 245 1591 2152 1642; baseline -0.004 -10"><span class='ocrx_word' id='word_1_327' title='bbox 245 1598 438 1642; x_wconf 89' lang='lat' dir='ltr'><strong>occupabat</strong></span> <span class='ocrx_word' id='word_1_328' title='bbox 460 1603 495 1630; x_wconf 87' lang='lat' dir='ltr'><strong>et</strong></span> <span class='ocrx_word' id='word_1_329' title='bbox 517 1595 668 1629; x_wconf 89' lang='lat' dir='ltr'><strong>obtinuit</strong></span> <span class='ocrx_word' id='word_1_330' title='bbox 690 1605 769 1627; x_wconf 89' lang='lat' dir='ltr'><strong>cum</strong></span> <span class='ocrx_word' id='word_1_331' title='bbox 791 1594 862 1626; x_wconf 92' lang='lat' dir='ltr'><strong>illis</strong></span> <span class='ocrx_word' id='word_1_332' title='bbox 885 1594 929 1626; x_wconf 92' lang='lat' dir='ltr'><strong>de</strong></span> <span class='ocrx_word' id='word_1_333' title='bbox 953 1593 1066 1631; x_wconf 89' lang='lat' dir='ltr'><strong>Scala,</strong></span> <span class='ocrx_word' id='word_1_334' title='bbox 1090 1592 1231 1625; x_wconf 90' lang='lat' dir='ltr'><strong>Verona</strong></span> <span class='ocrx_word' id='word_1_335' title='bbox 1253 1598 1288 1624; x_wconf 91' lang='lat' dir='ltr'><strong>et</strong></span> <span class='ocrx_word' id='word_1_336' title='bbox 1310 1591 1570 1624; x_wconf 86' lang='lat' dir='ltr'><strong>marchionibus</strong></span> <span class='ocrx_word' id='word_1_337' title='bbox 1593 1593 1783 1625; x_wconf 85' lang='lat' dir='ltr'><strong>Ferrariae.</strong></span> <span class='ocrx_word' id='word_1_338' title='bbox 2110 1591 2152 1625; x_wconf 88' lang='grc'><strong>25</strong></span> 
     </span>
    </p>

    <p class='ocr_par' dir='ltr' id='par_1_8' title="bbox 243 1645 2088 1801">
     <span class='ocr_line' id='line_1_29' title="bbox 331 1645 2088 1690; baseline -0.003 -6"><span class='ocrx_word' id='word_1_339' title='bbox 331 1652 464 1685; x_wconf 90' lang='lat' dir='ltr'><strong>Eodem</strong></span> <span class='ocrx_word' id='word_1_340' title='bbox 486 1659 589 1688; x_wconf 86' lang='lat' dir='ltr'><strong>anno,</strong></span> <span class='ocrx_word' id='word_1_341' title='bbox 613 1649 657 1681; x_wconf 90' lang='lat' dir='ltr'><strong>de</strong></span> <span class='ocrx_word' id='word_1_342' title='bbox 679 1658 795 1680; x_wconf 90' lang='lat' dir='ltr'><strong>mense</strong></span> <span class='ocrx_word' id='word_1_343' title='bbox 817 1646 910 1690; x_wconf 81' lang='lat' dir='ltr'><strong>maji.</strong></span> <span class='ocrx_word' id='word_1_344' title='bbox 928 1665 969 1669; x_wconf 90' lang='lat'>—</span> <span class='ocrx_word' id='word_1_345' title='bbox 992 1646 1116 1678; x_wconf 86' lang='lat' dir='ltr'><strong>Dictus</strong></span> <span class='ocrx_word' id='word_1_346' title='bbox 1140 1645 1298 1678; x_wconf 90' lang='lat' dir='ltr'><strong>dominus</strong></span> <span class='ocrx_word' id='word_1_347' title='bbox 1321 1655 1382 1677; x_wconf 91' lang='lat' dir='ltr'><strong>rex</strong></span> <span class='ocrx_word' id='word_1_348' title='bbox 1405 1656 1483 1677; x_wconf 92' lang='lat' dir='ltr'><strong>cum</strong></span> <span class='ocrx_word' id='word_1_349' title='bbox 1502 1645 1572 1677; x_wconf 89' lang='lat' dir='ltr'><strong>suis</strong></span> <span class='ocrx_word' id='word_1_350' title='bbox 1594 1645 1756 1689; x_wconf 88' lang='lat' dir='ltr'><strong>gentibus</strong></span> <span class='ocrx_word' id='word_1_351' title='bbox 1778 1656 1841 1689; x_wconf 93' lang='lat' dir='ltr'><strong>pro</strong></span> <span class='ocrx_word' id='word_1_352' title='bbox 1864 1651 1963 1688; x_wconf 86' lang='lat' dir='ltr'><strong>parte</strong></span> <span class='ocrx_word' id='word_1_353' title='bbox 1978 1656 2039 1678; x_wconf 86' lang='lat' dir='ltr'><strong>sua</strong></span> <span class='ocrx_word' id='word_1_354' title='bbox 2053 1651 2088 1678; x_wconf 88' lang='lat' dir='ltr'><strong>et</strong></span> 
     </span>
     <span class='ocr_line' id='line_1_30' title="bbox 244 1698 2088 1749; baseline -0.004 -11"><span class='ocrx_word' id='word_1_355' title='bbox 244 1705 403 1739; x_wconf 87' lang='lat' dir='ltr'><strong>dominus</strong></span> <span class='ocrx_word' id='word_1_356' title='bbox 424 1703 524 1749; x_wconf 73' lang='lat' dir='ltr'><strong>Acco</strong></span> <span class='ocrx_word' id='word_1_357' title='bbox 546 1702 751 1735; x_wconf 89' lang='lat' dir='ltr'><strong>Vicecomes</strong></span> <span class='ocrx_word' id='word_1_358' title='bbox 773 1711 851 1733; x_wconf 90' lang='lat' dir='ltr'><strong>cum</strong></span> <span class='ocrx_word' id='word_1_359' title='bbox 874 1700 944 1732; x_wconf 89' lang='lat' dir='ltr'><strong>illis</strong></span> <span class='ocrx_word' id='word_1_360' title='bbox 968 1700 1012 1732; x_wconf 89' lang='lat' dir='ltr'><strong>de</strong></span> <span class='ocrx_word' id='word_1_361' title='bbox 1035 1699 1138 1732; x_wconf 88' lang='lat' dir='ltr'><strong>Scala</strong></span> <span class='ocrx_word' id='word_1_362' title='bbox 1168 1704 1203 1731; x_wconf 89' lang='lat' dir='ltr'><strong>et</strong></span> <span class='ocrx_word' id='word_1_363' title='bbox 1234 1698 1427 1731; x_wconf 87' lang='lat' dir='ltr'><strong>Florentini</strong></span> <span class='ocrx_word' id='word_1_364' title='bbox 1459 1708 1537 1730; x_wconf 90' lang='lat' dir='ltr'><strong>cum</strong></span> <span class='ocrx_word' id='word_1_365' title='bbox 1568 1708 1652 1730; x_wconf 89' lang='lat' dir='ltr'><strong>MMM</strong></span> <span class='ocrx_word' id='word_1_366' title='bbox 1683 1698 1858 1742; x_wconf 87' lang='lat' dir='ltr'><strong>equitibus</strong></span> <span class='ocrx_word' id='word_1_367' title='bbox 1888 1700 2028 1732; x_wconf 85' lang='lat' dir='ltr'><strong>fuerunt</strong></span> <span class='ocrx_word' id='word_1_368' title='bbox 2050 1699 2088 1731; x_wconf 88' lang='lat' dir='ltr'><strong>in</strong></span> 
     </span>
     <span class='ocr_line' id='line_1_31' title="bbox 243 1751 2088 1801; baseline -0.005 -9"><span class='ocrx_word' id='word_1_369' title='bbox 243 1758 374 1801; x_wconf 88' lang='lat' dir='ltr'><strong>campis</strong></span> <span class='ocrx_word' id='word_1_370' title='bbox 396 1755 589 1790; x_wconf 85' lang='lat' dir='ltr'><strong>Mediolani</strong></span> <span class='ocrx_word' id='word_1_371' title='bbox 612 1764 716 1787; x_wconf 86' lang='lat' dir='ltr'><strong>causa</strong></span> <span class='ocrx_word' id='word_1_372' title='bbox 738 1753 935 1796; x_wconf 88' lang='lat' dir='ltr'><strong>proeliandi</strong></span> <span class='ocrx_word' id='word_1_373' title='bbox 958 1753 1004 1785; x_wconf 90' lang='lat' dir='ltr'><strong>ad</strong></span> <span class='ocrx_word' id='word_1_374' title='bbox 1027 1752 1189 1784; x_wconf 88' lang='lat' dir='ltr'><strong>invicem.</strong></span> <span class='ocrx_word' id='word_1_375' title='bbox 1236 1751 1282 1784; x_wconf 89' lang='lat' dir='ltr'><strong>Et</strong></span> <span class='ocrx_word' id='word_1_376' title='bbox 1303 1751 1378 1784; x_wconf 88' lang='lat' dir='ltr'><strong>viso</strong></span> <span class='ocrx_word' id='word_1_377' title='bbox 1402 1751 1498 1784; x_wconf 90' lang='lat' dir='ltr'><strong>dicto</strong></span> <span class='ocrx_word' id='word_1_378' title='bbox 1521 1761 1602 1795; x_wconf 89' lang='lat' dir='ltr'><strong>rege</strong></span> <span class='ocrx_word' id='word_1_379' title='bbox 1625 1752 1662 1783; x_wconf 91' lang='lat' dir='ltr'><strong>in</strong></span> <span class='ocrx_word' id='word_1_380' title='bbox 1686 1762 1820 1794; x_wconf 92' lang='lat' dir='ltr'><strong>campo,</strong></span> <span class='ocrx_word' id='word_1_381' title='bbox 1843 1757 2088 1794; x_wconf 87' lang='lat' dir='ltr'><strong>separaverunt</strong></span> 
     </span>
    </p>
   </div>
   <div class='ocr_carea' id='block_1_5' title="bbox 243 1804 2152 1904">
    <p class='ocr_par' dir='ltr' id='par_1_9' title="bbox 243 1804 2152 1904">
     <span class='ocr_line' id='line_1_32' title="bbox 243 1804 2010 1854; baseline -0.004 -9"><span class='ocrx_word' id='word_1_382' title='bbox 243 1823 279 1845; x_wconf 84' lang='lat' dir='ltr'><strong>se</strong></span> <span class='ocrx_word' id='word_1_383' title='bbox 301 1813 376 1845; x_wconf 90' lang='lat' dir='ltr'><strong>sine</strong></span> <span class='ocrx_word' id='word_1_384' title='bbox 397 1811 516 1854; x_wconf 91' lang='lat' dir='ltr'><strong>aliquo</strong></span> <span class='ocrx_word' id='word_1_385' title='bbox 537 1809 640 1848; x_wconf 87' lang='lat' dir='ltr'><strong>bello,</strong></span> <span class='ocrx_word' id='word_1_386' title='bbox 662 1813 817 1850; x_wconf 88' lang='lat' dir='ltr'><strong>petentes</strong></span> <span class='ocrx_word' id='word_1_387' title='bbox 839 1812 1028 1850; x_wconf 89' lang='lat' dir='ltr'><strong>treuguam,</strong></span> <span class='ocrx_word' id='word_1_388' title='bbox 1053 1816 1141 1849; x_wconf 91' lang='lat' dir='ltr'><strong>quae</strong></span> <span class='ocrx_word' id='word_1_389' title='bbox 1164 1806 1259 1837; x_wconf 76' lang='lat' dir='ltr'><strong>facta</strong></span> <span class='ocrx_word' id='word_1_390' title='bbox 1282 1805 1350 1837; x_wconf 79' lang='lat' dir='ltr'><strong>fuit</strong></span> <span class='ocrx_word' id='word_1_391' title='bbox 1372 1815 1479 1847; x_wconf 87' lang='lat' dir='ltr'><strong>usque</strong></span> <span class='ocrx_word' id='word_1_392' title='bbox 1502 1805 1548 1837; x_wconf 90' lang='lat' dir='ltr'><strong>ad</strong></span> <span class='ocrx_word' id='word_1_393' title='bbox 1570 1805 1695 1837; x_wconf 80' lang='lat' dir='ltr'><strong>festum</strong></span> <span class='ocrx_word' id='word_1_394' title='bbox 1718 1805 1830 1837; x_wconf 88' lang='lat' dir='ltr'><strong>sancti</strong></span> <span class='ocrx_word' id='word_1_395' title='bbox 1852 1804 2010 1838; x_wconf 88' lang='lat' dir='ltr'><strong>Martini.</strong></span> 
     </span>
     <span class='ocr_line' id='line_1_33' title="bbox 332 1857 2152 1904; baseline -0.005 -6"><span class='ocrx_word' id='word_1_396' title='bbox 332 1865 465 1898; x_wconf 86' lang='lat' dir='ltr'><strong>Eodem</strong></span> <span class='ocrx_word' id='word_1_397' title='bbox 487 1872 590 1901; x_wconf 87' lang='lat' dir='ltr'><strong>ann0‚</strong></span> <span class='ocrx_word' id='word_1_398' title='bbox 615 1861 672 1894; x_wconf 89' lang='lat' dir='ltr'><strong>die</strong></span> <span class='ocrx_word' id='word_1_399' title='bbox 694 1870 719 1893; x_wconf 91' lang='lat' dir='ltr'><strong>v</strong></span> <span class='ocrx_word' id='word_1_400' title='bbox 741 1859 840 1904; x_wconf 80' lang='lat' dir='ltr'><strong>junii.</strong></span> <span class='ocrx_word' id='word_1_401' title='bbox 858 1878 900 1882; x_wconf 97' lang='lat'><strong>—</strong></span> <span class='ocrx_word' id='word_1_402' title='bbox 914 1859 1038 1891; x_wconf 90' lang='lat' dir='ltr'><strong>Dictus</strong></span> <span class='ocrx_word' id='word_1_403' title='bbox 1055 1858 1214 1891; x_wconf 90' lang='lat' dir='ltr'><strong>dominus</strong></span> <span class='ocrx_word' id='word_1_404' title='bbox 1229 1868 1290 1889; x_wconf 86' lang='lat' dir='ltr'><strong>rex</strong></span> <span class='ocrx_word' id='word_1_405' title='bbox 1303 1857 1466 1890; x_wconf 89' lang='lat' dir='ltr'><strong>Boemiae</strong></span> <span class='ocrx_word' id='word_1_406' title='bbox 1489 1857 1584 1889; x_wconf 89' lang='lat' dir='ltr'><strong>venit</strong></span> <span class='ocrx_word' id='word_1_407' title='bbox 1606 1857 1785 1890; x_wconf 87' lang='lat' dir='ltr'><strong>Bononiae</strong></span> <span class='ocrx_word' id='word_1_408' title='bbox 1809 1868 1887 1890; x_wconf 86' lang='lat' dir='ltr'><strong>cum</strong></span> <span class='ocrx_word' id='word_1_409' title='bbox 1909 1867 1966 1889; x_wconf 83' lang='grc' dir='ltr'><strong>ΜΜ</strong></span> <span class='ocrx_word' id='word_1_410' title='bbox 1988 1857 2085 1901; x_wconf 89' lang='lat' dir='ltr'><strong>equi·</strong></span> <span class='ocrx_word' id='word_1_411' title='bbox 2108 1858 2152 1889; x_wconf 80' lang='lat'><strong>:30</strong></span> 
     </span>
    </p>
   </div>
   <div class='ocr_carea' id='block_1_6' title="bbox 240 1910 2086 2062">
    <p class='ocr_par' dir='ltr' id='par_1_10' title="bbox 240 1910 2086 2062">
     <span class='ocr_line' id='line_1_34' title="bbox 242 1910 2085 1961; baseline -0.005 -9"><span class='ocrx_word' id='word_1_412' title='bbox 242 1919 334 1952; x_wconf 90' lang='lat' dir='ltr'><strong>tibus</strong></span> <span class='ocrx_word' id='word_1_413' title='bbox 355 1929 399 1951; x_wconf 89' lang='lat' dir='ltr'><strong>ex</strong></span> <span class='ocrx_word' id='word_1_414' title='bbox 420 1926 546 1961; x_wconf 87' lang='lat' dir='ltr'><strong>magna</strong></span> <span class='ocrx_word' id='word_1_415' title='bbox 568 1925 672 1947; x_wconf 89' lang='lat' dir='ltr'><strong>causa</strong></span> <span class='ocrx_word' id='word_1_416' title='bbox 693 1919 728 1946; x_wconf 89' lang='lat' dir='ltr'><strong>et</strong></span> <span class='ocrx_word' id='word_1_417' title='bbox 750 1912 819 1946; x_wconf 76' lang='lat' dir='ltr'><strong>fuit</strong></span> <span class='ocrx_word' id='word_1_418' title='bbox 842 1923 920 1945; x_wconf 91' lang='lat' dir='ltr'><strong>cum</strong></span> <span class='ocrx_word' id='word_1_419' title='bbox 944 1911 1085 1945; x_wconf 91' lang='lat' dir='ltr'><strong>domino</strong></span> <span class='ocrx_word' id='word_1_420' title='bbox 1107 1911 1222 1955; x_wconf 88' lang='lat' dir='ltr'><strong>legato</strong></span> <span class='ocrx_word' id='word_1_421' title='bbox 1246 1911 1283 1943; x_wconf 91' lang='lat' dir='ltr'><strong>in</strong></span> <span class='ocrx_word' id='word_1_422' title='bbox 1307 1910 1501 1953; x_wconf 87' lang='lat' dir='ltr'><strong>colloquia;</strong></span> <span class='ocrx_word' id='word_1_423' title='bbox 1533 1916 1652 1952; x_wconf 85' lang='lat' dir='ltr'><strong>postea</strong></span> <span class='ocrx_word' id='word_1_424' title='bbox 1683 1910 1841 1942; x_wconf 87' lang='lat' dir='ltr'><strong>discessit</strong></span> <span class='ocrx_word' id='word_1_425' title='bbox 1863 1916 1898 1943; x_wconf 92' lang='lat' dir='ltr'><strong>et</strong></span> <span class='ocrx_word' id='word_1_426' title='bbox 1920 1910 2026 1943; x_wconf 88' lang='lat' dir='ltr'><strong>rediit</strong></span> <span class='ocrx_word' id='word_1_427' title='bbox 2048 1910 2085 1942; x_wconf 91' lang='lat' dir='ltr'><strong>in</strong></span> 
     </span>
     <span class='ocr_line' id='line_1_35' title="bbox 240 1963 1863 2009; baseline -0.006 -3"><span class='ocrx_word' id='word_1_428' title='bbox 240 1971 486 2006; x_wconf 87' lang='lat' dir='ltr'><strong>Lombardiam</strong></span> <span class='ocrx_word' id='word_1_429' title='bbox 509 1969 653 2002; x_wconf 89' lang='lat' dir='ltr'><strong>Parmae</strong></span> <span class='ocrx_word' id='word_1_430' title='bbox 675 1971 710 1999; x_wconf 89' lang='lat' dir='ltr'><strong>et</strong></span> <span class='ocrx_word' id='word_1_431' title='bbox 731 1971 851 2009; x_wconf 88' lang='lat' dir='ltr'><strong>postea</strong></span> <span class='ocrx_word' id='word_1_432' title='bbox 873 1964 1044 2008; x_wconf 87' lang='lat' dir='ltr'><strong>equitavit</strong></span> <span class='ocrx_word' id='word_1_433' title='bbox 1067 1964 1245 1996; x_wconf 86' lang='lat' dir='ltr'><strong>civitatem</strong></span> <span class='ocrx_word' id='word_1_434' title='bbox 1267 1963 1420 2002; x_wconf 92' lang='lat' dir='ltr'><strong>Luchae‚</strong></span> <span class='ocrx_word' id='word_1_435' title='bbox 1443 1963 1567 1995; x_wconf 91' lang='lat' dir='ltr'><strong>timens</strong></span> <span class='ocrx_word' id='word_1_436' title='bbox 1589 1964 1735 2005; x_wconf 90' lang='lat' dir='ltr'><strong>perdere</strong></span> <span class='ocrx_word' id='word_1_437' title='bbox 1757 1963 1863 1996; x_wconf 87' lang='lat' dir='ltr'><strong>illam.</strong></span> 
     </span>
     <span class='ocr_line' id='line_1_36' title="bbox 329 2015 2086 2062; baseline -0.005 -5"><span class='ocrx_word' id='word_1_438' title='bbox 329 2025 460 2057; x_wconf 89' lang='lat' dir='ltr'><strong>Eodem</strong></span> <span class='ocrx_word' id='word_1_439' title='bbox 482 2031 584 2055; x_wconf 89' lang='lat' dir='ltr'><strong>anno.</strong></span> <span class='ocrx_word' id='word_1_440' title='bbox 601 2039 643 2044; x_wconf 93' lang='lat'>—</span> <span class='ocrx_word' id='word_1_441' title='bbox 666 2019 834 2052; x_wconf 89' lang='lat' dir='ltr'><strong>Dominus</strong></span> <span class='ocrx_word' id='word_1_442' title='bbox 855 2018 1017 2062; x_wconf 72' lang='lat' dir='ltr'><strong>Buconus</strong></span> <span class='ocrx_word' id='word_1_443' title='bbox 1040 2018 1083 2050; x_wconf 90' lang='lat' dir='ltr'><strong>de</strong></span> <span class='ocrx_word' id='word_1_444' title='bbox 1105 2016 1293 2049; x_wconf 89' lang='lat' dir='ltr'><strong>Bernardis</strong></span> <span class='ocrx_word' id='word_1_445' title='bbox 1309 2016 1352 2048; x_wconf 87' lang='lat' dir='ltr'><strong>de</strong></span> <span class='ocrx_word' id='word_1_446' title='bbox 1366 2015 1515 2048; x_wconf 91' lang='lat' dir='ltr'><strong>Ancona</strong></span> <span class='ocrx_word' id='word_1_447' title='bbox 1530 2016 1598 2048; x_wconf 76' lang='lat' dir='ltr'><strong>fuit</strong></span> <span class='ocrx_word' id='word_1_448' title='bbox 1614 2016 1893 2058; x_wconf 89' lang='lat' dir='ltr'><strong>vicecapitaneus</strong></span> <span class='ocrx_word' id='word_1_449' title='bbox 1907 2016 2086 2049; x_wconf 85' lang='lat' dir='ltr'><strong>Bononiae</strong></span> 
     </span>
    </p>
   </div>
   <div class='ocr_carea' id='block_1_7' title="bbox 241 2069 2147 2168">
    <p class='ocr_par' dir='ltr' id='par_1_11' title="bbox 241 2069 2147 2168">
     <span class='ocr_line' id='line_1_37' title="bbox 241 2069 1615 2122; baseline -0.009 -10"><span class='ocrx_word' id='word_1_450' title='bbox 241 2088 305 2122; x_wconf 87' lang='lat' dir='ltr'><strong>pro</strong></span> <span class='ocrx_word' id='word_1_451' title='bbox 327 2076 489 2111; x_wconf 87' lang='lat' dir='ltr'><strong>secundis</strong></span> <span class='ocrx_word' id='word_1_452' title='bbox 509 2073 683 2107; x_wconf 89' lang='lat' dir='ltr'><strong>mensibus</strong></span> <span class='ocrx_word' id='word_1_453' title='bbox 704 2078 740 2105; x_wconf 94' lang='lat' dir='ltr'><strong>et</strong></span> <span class='ocrx_word' id='word_1_454' title='bbox 763 2072 922 2105; x_wconf 92' lang='lat' dir='ltr'><strong>dominus</strong></span> <span class='ocrx_word' id='word_1_455' title='bbox 944 2070 1149 2114; x_wconf 84' lang='lat' dir='ltr'><strong>Raynaldus</strong></span> <span class='ocrx_word' id='word_1_456' title='bbox 1173 2070 1216 2102; x_wconf 90' lang='lat' dir='ltr'><strong>de</strong></span> <span class='ocrx_word' id='word_1_457' title='bbox 1240 2069 1377 2102; x_wconf 75' lang='lat' dir='ltr'><strong>Stafulo</strong></span> <span class='ocrx_word' id='word_1_458' title='bbox 1400 2069 1469 2101; x_wconf 74' lang='lat' dir='ltr'><strong>fuit</strong></span> <span class='ocrx_word' id='word_1_459' title='bbox 1492 2074 1615 2101; x_wconf 90' lang='lat' dir='ltr'><strong>rector.</strong></span> 
     </span>
     <span class='ocr_line' id='line_1_38' title="bbox 327 2120 2147 2168; baseline -0.005 -4"><span class='ocrx_word' id='word_1_460' title='bbox 327 2131 460 2164; x_wconf 90' lang='lat' dir='ltr'><strong>Eodem</strong></span> <span class='ocrx_word' id='word_1_461' title='bbox 475 2137 578 2167; x_wconf 90' lang='lat' dir='ltr'><strong>anno,</strong></span> <span class='ocrx_word' id='word_1_462' title='bbox 595 2127 639 2160; x_wconf 92' lang='lat' dir='ltr'><strong>de</strong></span> <span class='ocrx_word' id='word_1_463' title='bbox 653 2135 769 2158; x_wconf 87' lang='lat' dir='ltr'><strong>mense</strong></span> <span class='ocrx_word' id='word_1_464' title='bbox 785 2124 884 2168; x_wconf 85' lang='lat' dir='ltr'><strong>junii.</strong></span> <span class='ocrx_word' id='word_1_465' title='bbox 901 2143 942 2147; x_wconf 87' lang='lat'><strong>—-</strong></span> <span class='ocrx_word' id='word_1_466' title='bbox 958 2123 1040 2157; x_wconf 88' lang='lat' dir='ltr'><strong>Fuit</strong></span> <span class='ocrx_word' id='word_1_467' title='bbox 1056 2123 1118 2155; x_wconf 88' lang='lat' dir='ltr'><strong>nix</strong></span> <span class='ocrx_word' id='word_1_468' title='bbox 1132 2123 1170 2154; x_wconf 89' lang='lat' dir='ltr'><strong>in</strong></span> <span class='ocrx_word' id='word_1_469' title='bbox 1185 2121 1342 2164; x_wconf 84' lang='lat' dir='ltr'><strong>partibus</strong></span> <span class='ocrx_word' id='word_1_470' title='bbox 1357 2127 1562 2154; x_wconf 87' lang='lat' dir='ltr'><strong>montaneae</strong></span> <span class='ocrx_word' id='word_1_471' title='bbox 1578 2132 1687 2164; x_wconf 90' lang='lat' dir='ltr'><strong>prope</strong></span> <span class='ocrx_word' id='word_1_472' title='bbox 1702 2122 1879 2155; x_wconf 85' lang='lat' dir='ltr'><strong>civitatem</strong></span> <span class='ocrx_word' id='word_1_473' title='bbox 1894 2122 2082 2155; x_wconf 89' lang='lat' dir='ltr'><strong>Bononiae.</strong></span> <span class='ocrx_word' id='word_1_474' title='bbox 2105 2120 2147 2154; x_wconf 87' lang='grc'><strong>35</strong></span> 
     </span>
    </p>
   </div>
   <div class='ocr_carea' id='block_1_8' title="bbox 238 2175 2147 2494">
    <p class='ocr_par' dir='ltr' id='par_1_12' title="bbox 239 2175 2083 2329">
     <span class='ocr_line' id='line_1_39' title="bbox 329 2175 2083 2221; baseline -0.005 -4"><span class='ocrx_word' id='word_1_475' title='bbox 329 2184 461 2218; x_wconf 90' lang='lat' dir='ltr'><strong>Eodem</strong></span> <span class='ocrx_word' id='word_1_476' title='bbox 483 2190 586 2220; x_wconf 90' lang='lat' dir='ltr'><strong>anno,</strong></span> <span class='ocrx_word' id='word_1_477' title='bbox 610 2180 654 2212; x_wconf 89' lang='lat' dir='ltr'><strong>de</strong></span> <span class='ocrx_word' id='word_1_478' title='bbox 675 2188 791 2211; x_wconf 88' lang='lat' dir='ltr'><strong>mense</strong></span> <span class='ocrx_word' id='word_1_479' title='bbox 813 2177 901 2221; x_wconf 80' lang='lat' dir='ltr'><strong>julii.</strong></span> <span class='ocrx_word' id='word_1_480' title='bbox 925 2196 966 2200; x_wconf 90' lang='lat'><strong>—</strong></span> <span class='ocrx_word' id='word_1_481' title='bbox 989 2177 1113 2209; x_wconf 86' lang='lat' dir='ltr'><strong>Dictus</strong></span> <span class='ocrx_word' id='word_1_482' title='bbox 1136 2175 1295 2208; x_wconf 89' lang='lat' dir='ltr'><strong>dominus</strong></span> <span class='ocrx_word' id='word_1_483' title='bbox 1325 2180 1439 2207; x_wconf 88' lang='lat' dir='ltr'><strong>rector</strong></span> <span class='ocrx_word' id='word_1_484' title='bbox 1468 2175 1555 2207; x_wconf 73' lang='lat' dir='ltr'><strong>fecit</strong></span> <span class='ocrx_word' id='word_1_485' title='bbox 1586 2175 1779 2218; x_wconf 87' lang='lat' dir='ltr'><strong>decapitari</strong></span> <span class='ocrx_word' id='word_1_486' title='bbox 1811 2175 1985 2208; x_wconf 81' lang='lat' dir='ltr'><strong>dominam</strong></span> <span class='ocrx_word' id='word_1_487' title='bbox 2015 2175 2083 2209; x_wconf 84' lang='lat' dir='ltr'><strong>Ca-</strong></span> 
     </span>
     <span class='ocr_line' id='line_1_40' title="bbox 241 2227 2083 2275; baseline -0.006 -4"><span class='ocrx_word' id='word_1_488' title='bbox 241 2238 387 2270; x_wconf 89' lang='lat' dir='ltr'><strong>terinam</strong></span> <span class='ocrx_word' id='word_1_489' title='bbox 409 2233 546 2269; x_wconf 90' lang='lat' dir='ltr'><strong>Zanetti</strong></span> <span class='ocrx_word' id='word_1_490' title='bbox 570 2233 614 2266; x_wconf 88' lang='lat' dir='ltr'><strong>de</strong></span> <span class='ocrx_word' id='word_1_491' title='bbox 635 2230 866 2275; x_wconf 83' lang='lat' dir='ltr'><strong>Bentevoglis,</strong></span> <span class='ocrx_word' id='word_1_492' title='bbox 889 2240 1030 2262; x_wconf 87' lang='lat' dir='ltr'><strong>uxorem</strong></span> <span class='ocrx_word' id='word_1_493' title='bbox 1053 2228 1225 2273; x_wconf 69' lang='lat' dir='ltr'><strong>Mueolini</strong></span> <span class='ocrx_word' id='word_1_494' title='bbox 1250 2229 1293 2261; x_wconf 91' lang='lat' dir='ltr'><strong>de</strong></span> <span class='ocrx_word' id='word_1_495' title='bbox 1315 2228 1527 2267; x_wconf 89' lang='lat' dir='ltr'><strong>Bacelleriis,</strong></span> <span class='ocrx_word' id='word_1_496' title='bbox 1551 2238 1592 2260; x_wconf 93' lang='lat' dir='ltr'><strong>eo</strong></span> <span class='ocrx_word' id='word_1_497' title='bbox 1620 2228 1702 2271; x_wconf 89' lang='lat' dir='ltr'><strong>quia</strong></span> <span class='ocrx_word' id='word_1_498' title='bbox 1729 2227 1805 2270; x_wconf 88' lang='lat' dir='ltr'><strong>ipsa</strong></span> <span class='ocrx_word' id='word_1_499' title='bbox 1835 2228 2019 2261; x_wconf 88' lang='lat' dir='ltr'><strong>venenavit</strong></span> <span class='ocrx_word' id='word_1_500' title='bbox 2047 2233 2083 2260; x_wconf 89' lang='lat' dir='ltr'><strong>et</strong></span> 
     </span>
     <span class='ocr_line' id='line_1_41' title="bbox 239 2280 2081 2329; baseline -0.006 -5"><span class='ocrx_word' id='word_1_501' title='bbox 239 2290 416 2323; x_wconf 86' lang='lat' dir='ltr'><strong>tossicavit</strong></span> <span class='ocrx_word' id='word_1_502' title='bbox 433 2288 564 2321; x_wconf 90' lang='lat' dir='ltr'><strong>dictum</strong></span> <span class='ocrx_word' id='word_1_503' title='bbox 579 2285 807 2329; x_wconf 73' lang='lat' dir='ltr'><strong>MucoIinum,</strong></span> <span class='ocrx_word' id='word_1_504' title='bbox 823 2283 896 2327; x_wconf 73' lang='lat' dir='ltr'><strong>ejus</strong></span> <span class='ocrx_word' id='word_1_505' title='bbox 910 2283 1083 2321; x_wconf 87' lang='lat' dir='ltr'><strong>maritum,</strong></span> <span class='ocrx_word' id='word_1_506' title='bbox 1100 2283 1144 2315; x_wconf 89' lang='lat' dir='ltr'><strong>de</strong></span> <span class='ocrx_word' id='word_1_507' title='bbox 1160 2292 1228 2325; x_wconf 93' lang='lat' dir='ltr'><strong>qua</strong></span> <span class='ocrx_word' id='word_1_508' title='bbox 1244 2281 1474 2314; x_wconf 89' lang='lat' dir='ltr'><strong>venenatione</strong></span> <span class='ocrx_word' id='word_1_509' title='bbox 1491 2281 1605 2313; x_wconf 88' lang='lat' dir='ltr'><strong>dictus</strong></span> <span class='ocrx_word' id='word_1_510' title='bbox 1620 2281 1819 2325; x_wconf 71' lang='lat' dir='ltr'><strong>Mucolinus</strong></span> <span class='ocrx_word' id='word_1_511' title='bbox 1835 2286 1987 2314; x_wconf 86' lang='lat' dir='ltr'><strong>mortuus</strong></span> <span class='ocrx_word' id='word_1_512' title='bbox 2002 2280 2081 2313; x_wconf 79' lang='lat' dir='ltr'><strong>fuit.</strong></span> 
     </span>
    </p>

    <p class='ocr_par' dir='ltr' id='par_1_13' title="bbox 238 2333 2147 2494">
     <span class='ocr_line' id='line_1_42' title="bbox 326 2333 2080 2375; baseline -0.006 0"><span class='ocrx_word' id='word_1_513' title='bbox 326 2343 458 2375; x_wconf 91' lang='lat' dir='ltr'><strong>Eodem</strong></span> <span class='ocrx_word' id='word_1_514' title='bbox 481 2349 583 2373; x_wconf 89' lang='lat' dir='ltr'><strong>anno.</strong></span> <span class='ocrx_word' id='word_1_515' title='bbox 607 2357 649 2362; x_wconf 98' lang='lat'><strong>—</strong></span> <span class='ocrx_word' id='word_1_516' title='bbox 672 2338 795 2370; x_wconf 90' lang='lat' dir='ltr'><strong>Dictus</strong></span> <span class='ocrx_word' id='word_1_517' title='bbox 819 2336 978 2369; x_wconf 90' lang='lat' dir='ltr'><strong>dominus</strong></span> <span class='ocrx_word' id='word_1_518' title='bbox 1001 2346 1062 2368; x_wconf 86' lang='lat' dir='ltr'><strong>rex</strong></span> <span class='ocrx_word' id='word_1_519' title='bbox 1085 2335 1259 2374; x_wconf 88' lang='lat' dir='ltr'><strong>Boemiae,</strong></span> <span class='ocrx_word' id='word_1_520' title='bbox 1275 2344 1344 2366; x_wconf 88' lang='lat' dir='ltr'><strong>una</strong></span> <span class='ocrx_word' id='word_1_521' title='bbox 1367 2344 1445 2366; x_wconf 93' lang='lat' dir='ltr'><strong>cum</strong></span> <span class='ocrx_word' id='word_1_522' title='bbox 1469 2334 1633 2366; x_wconf 89' lang='lat' dir='ltr'><strong>Rolando</strong></span> <span class='ocrx_word' id='word_1_523' title='bbox 1657 2335 1701 2366; x_wconf 91' lang='lat' dir='ltr'><strong>de</strong></span> <span class='ocrx_word' id='word_1_524' title='bbox 1723 2333 1856 2366; x_wconf 89' lang='lat' dir='ltr'><strong>Rubeis</strong></span> <span class='ocrx_word' id='word_1_525' title='bbox 1880 2334 1924 2366; x_wconf 90' lang='lat' dir='ltr'><strong>de</strong></span> <span class='ocrx_word' id='word_1_526' title='bbox 1945 2333 2080 2372; x_wconf 84' lang='lat' dir='ltr'><strong>Parma,</strong></span> 
     </span>
     <span class='ocr_line' id='line_1_43' title="bbox 242 2382 2147 2430; baseline -0.006 0"><span class='ocrx_word' id='word_1_527' title='bbox 242 2396 382 2430; x_wconf 88' lang='lat' dir='ltr'><strong>domino</strong></span> <span class='ocrx_word' id='word_1_528' title='bbox 403 2391 605 2427; x_wconf 75' lang='lat' dir='ltr'><strong>Manfredo&#39;</strong></span> <span class='ocrx_word' id='word_1_529' title='bbox 629 2392 673 2424; x_wconf 91' lang='lat' dir='ltr'><strong>de</strong></span> <span class='ocrx_word' id='word_1_530' title='bbox 695 2390 769 2423; x_wconf 85' lang='lat' dir='ltr'><strong>Piis</strong></span> <span class='ocrx_word' id='word_1_531' title='bbox 792 2382 836 2423; x_wconf 86' lang='lat' dir='ltr'><strong>de</strong></span> <span class='ocrx_word' id='word_1_532' title='bbox 856 2389 1005 2428; x_wconf 90' lang='lat' dir='ltr'><strong>Mutina,</strong></span> <span class='ocrx_word' id='word_1_533' title='bbox 1030 2388 1171 2421; x_wconf 88' lang='lat' dir='ltr'><strong>domino</strong></span> <span class='ocrx_word' id='word_1_534' title='bbox 1186 2387 1343 2420; x_wconf 91' lang='lat' dir='ltr'><strong>Poncino</strong></span> <span class='ocrx_word' id='word_1_535' title='bbox 1370 2388 1414 2420; x_wconf 92' lang='lat' dir='ltr'><strong>de</strong></span> <span class='ocrx_word' id='word_1_536' title='bbox 1444 2387 1625 2427; x_wconf 87' lang='lat' dir='ltr'><strong>Cremona,</strong></span> <span class='ocrx_word' id='word_1_537' title='bbox 1649 2387 1790 2420; x_wconf 90' lang='lat' dir='ltr'><strong>domino</strong></span> <span class='ocrx_word' id='word_1_538' title='bbox 1821 2386 2007 2419; x_wconf 87' lang='lat' dir='ltr'><strong>Guilielmo</strong></span> <span class='ocrx_word' id='word_1_539' title='bbox 2038 2387 2082 2419; x_wconf 89' lang='lat' dir='ltr'><strong>de</strong></span> <span class='ocrx_word' id='word_1_540' title='bbox 2104 2387 2147 2418; x_wconf 81' lang='lat'><strong>40</strong></span> 
     </span>
     <span class='ocr_line' id='line_1_44' title="bbox 238 2439 2081 2494; baseline -0.006 -11"><span class='ocrx_word' id='word_1_541' title='bbox 238 2450 393 2494; x_wconf 89' lang='lat' dir='ltr'><strong>Foglano</strong></span> <span class='ocrx_word' id='word_1_542' title='bbox 416 2448 460 2480; x_wconf 88' lang='lat' dir='ltr'><strong>de</strong></span> <span class='ocrx_word' id='word_1_543' title='bbox 482 2445 609 2490; x_wconf 90' lang='lat' dir='ltr'><strong>Regio,</strong></span> <span class='ocrx_word' id='word_1_544' title='bbox 632 2448 800 2477; x_wconf 89' lang='lat' dir='ltr'><strong>venerunt</strong></span> <span class='ocrx_word' id='word_1_545' title='bbox 821 2442 1014 2476; x_wconf 85' lang='lat' dir='ltr'><strong>Bononiam</strong></span> <span class='ocrx_word' id='word_1_546' title='bbox 1036 2447 1071 2474; x_wconf 91' lang='lat' dir='ltr'><strong>et</strong></span> <span class='ocrx_word' id='word_1_547' title='bbox 1093 2442 1252 2474; x_wconf 73' lang='lat' dir='ltr'><strong>fecerunt</strong></span> <span class='ocrx_word' id='word_1_548' title='bbox 1274 2440 1380 2485; x_wconf 84' lang='lat' dir='ltr'><strong>ligam</strong></span> <span class='ocrx_word' id='word_1_549' title='bbox 1411 2446 1445 2472; x_wconf 90' lang='lat' dir='ltr'><strong>et</strong></span> <span class='ocrx_word' id='word_1_550' title='bbox 1477 2440 1668 2473; x_wconf 84' lang='lat' dir='ltr'><strong>sotietatem</strong></span> <span class='ocrx_word' id='word_1_551' title='bbox 1692 2451 1770 2473; x_wconf 89' lang='lat' dir='ltr'><strong>cum</strong></span> <span class='ocrx_word' id='word_1_552' title='bbox 1798 2439 1939 2472; x_wconf 91' lang='lat' dir='ltr'><strong>domino</strong></span> <span class='ocrx_word' id='word_1_553' title='bbox 1966 2440 2081 2484; x_wconf 89' lang='lat' dir='ltr'><strong>legato</strong></span> 
     </span>
    </p>
   </div>
   <div class='ocr_carea' id='block_1_9' title="bbox 235 2493 2079 2643">
    <p class='ocr_par' dir='ltr' id='par_1_14' title="bbox 235 2493 2079 2643">
     <span class='ocr_line' id='line_1_45' title="bbox 237 2493 1700 2538; baseline -0.007 -3"><span class='ocrx_word' id='word_1_554' title='bbox 237 2508 358 2535; x_wconf 88' lang='lat' dir='ltr'><strong>contra</strong></span> <span class='ocrx_word' id='word_1_555' title='bbox 380 2510 497 2534; x_wconf 88' lang='lat' dir='ltr'><strong>omnes</strong></span> <span class='ocrx_word' id='word_1_556' title='bbox 519 2498 681 2530; x_wconf 91' lang='lat' dir='ltr'><strong>inimicos</strong></span> <span class='ocrx_word' id='word_1_557' title='bbox 702 2502 842 2530; x_wconf 90' lang='lat' dir='ltr'><strong>sanctae</strong></span> <span class='ocrx_word' id='word_1_558' title='bbox 862 2505 1024 2528; x_wconf 82' lang='lat' dir='ltr'><strong>romanae</strong></span> <span class='ocrx_word' id='word_1_559' title='bbox 1046 2495 1226 2528; x_wconf 85' lang='lat' dir='ltr'><strong>Ecclesiae</strong></span> <span class='ocrx_word' id='word_1_560' title='bbox 1247 2499 1283 2527; x_wconf 90' lang='lat' dir='ltr'><strong>et</strong></span> <span class='ocrx_word' id='word_1_561' title='bbox 1306 2493 1393 2526; x_wconf 87' lang='lat' dir='ltr'><strong>dicti</strong></span> <span class='ocrx_word' id='word_1_562' title='bbox 1416 2494 1507 2538; x_wconf 88' lang='lat' dir='ltr'><strong>regis</strong></span> <span class='ocrx_word' id='word_1_563' title='bbox 1529 2493 1700 2526; x_wconf 86' lang='lat' dir='ltr'><strong>Boemiae.</strong></span> 
     </span>
     <span class='ocr_line' id='line_1_46' title="bbox 326 2545 2079 2593; baseline -0.005 -7"><span class='ocrx_word' id='word_1_564' title='bbox 326 2554 458 2587; x_wconf 88' lang='lat' dir='ltr'><strong>Eodem</strong></span> <span class='ocrx_word' id='word_1_565' title='bbox 480 2561 573 2585; x_wconf 86' lang='lat' dir='ltr'><strong>anno</strong></span> <span class='ocrx_word' id='word_1_566' title='bbox 594 2549 909 2593; x_wconf 68' lang='lat' dir='ltr'><strong>M.CCCX)0&lt;11J.</strong></span> <span class='ocrx_word' id='word_1_567' title='bbox 934 2567 976 2572; x_wconf 91' lang='lat'><strong>—</strong></span> <span class='ocrx_word' id='word_1_568' title='bbox 1008 2549 1036 2581; x_wconf 94' lang='lat' dir='ltr'>F</span> <span class='ocrx_word' id='word_1_569' title='bbox 1037 2548 1213 2581; x_wconf 86' lang='lat' dir='ltr'><strong>ranciscus</strong></span> <span class='ocrx_word' id='word_1_570' title='bbox 1246 2547 1422 2580; x_wconf 83' lang='lat' dir='ltr'><strong>sinibaldi</strong></span> <span class='ocrx_word' id='word_1_571' title='bbox 1454 2547 1497 2579; x_wconf 89' lang='lat' dir='ltr'><strong>de</strong></span> <span class='ocrx_word' id='word_1_572' title='bbox 1529 2546 1709 2579; x_wconf 83' lang='lat' dir='ltr'><strong>Ordelaffis</strong></span> <span class='ocrx_word' id='word_1_573' title='bbox 1741 2547 1784 2579; x_wconf 92' lang='lat' dir='ltr'><strong>de</strong></span> <span class='ocrx_word' id='word_1_574' title='bbox 1815 2545 1970 2579; x_wconf 89' lang='lat' dir='ltr'><strong>Forlivio</strong></span> <span class='ocrx_word' id='word_1_575' title='bbox 2001 2555 2079 2578; x_wconf 88' lang='lat' dir='ltr'><strong>cum</strong></span> 
     </span>
     <span class='ocr_line' id='line_1_47' title="bbox 235 2598 2078 2643; baseline -0.006 -2"><span class='ocrx_word' id='word_1_576' title='bbox 235 2607 358 2641; x_wconf 87' lang='lat' dir='ltr'><strong>amicis</strong></span> <span class='ocrx_word' id='word_1_577' title='bbox 379 2606 450 2639; x_wconf 90' lang='lat' dir='ltr'><strong>suis</strong></span> <span class='ocrx_word' id='word_1_578' title='bbox 471 2603 615 2638; x_wconf 89' lang='lat' dir='ltr'><strong>intravit</strong></span> <span class='ocrx_word' id='word_1_579' title='bbox 637 2608 768 2636; x_wconf 89' lang='lat' dir='ltr'><strong>secrete</strong></span> <span class='ocrx_word' id='word_1_580' title='bbox 790 2602 828 2634; x_wconf 89' lang='lat' dir='ltr'><strong>in</strong></span> <span class='ocrx_word' id='word_1_581' title='bbox 851 2602 1007 2635; x_wconf 87' lang='lat' dir='ltr'><strong>Forlivio</strong></span> <span class='ocrx_word' id='word_1_582' title='bbox 1029 2607 1065 2634; x_wconf 90' lang='lat' dir='ltr'><strong>et</strong></span> <span class='ocrx_word' id='word_1_583' title='bbox 1087 2600 1225 2643; x_wconf 90' lang='lat' dir='ltr'><strong>accepit</strong></span> <span class='ocrx_word' id='word_1_584' title='bbox 1247 2600 1438 2634; x_wconf 89' lang='lat' dir='ltr'><strong>Forlivium</strong></span> <span class='ocrx_word' id='word_1_585' title='bbox 1455 2600 1596 2633; x_wconf 91' lang='lat' dir='ltr'><strong>domino</strong></span> <span class='ocrx_word' id='word_1_586' title='bbox 1612 2600 1726 2643; x_wconf 88' lang='lat' dir='ltr'><strong>legato</strong></span> <span class='ocrx_word' id='word_1_587' title='bbox 1742 2598 1938 2637; x_wconf 83' lang='lat' dir='ltr'><strong>Bononiae3</strong></span> <span class='ocrx_word' id='word_1_588' title='bbox 1961 2603 1997 2631; x_wconf 88' lang='lat' dir='ltr'><strong>et</strong></span> <span class='ocrx_word' id='word_1_589' title='bbox 2011 2598 2078 2630; x_wconf 90' lang='lat' dir='ltr'><strong>hoc</strong></span> 
     </span>
    </p>
   </div>
   <div class='ocr_carea' id='block_1_10' title="bbox 238 2656 2079 2751">
    <p class='ocr_par' dir='ltr' id='par_1_15' title="bbox 238 2656 2079 2751">
     <span class='ocr_line' id='line_1_48' title="bbox 238 2656 742 2700; baseline -0.01 -6"><span class='ocrx_word' id='word_1_590' title='bbox 238 2661 306 2694; x_wconf 80' lang='lat' dir='ltr'><strong>fuit</strong></span> <span class='ocrx_word' id='word_1_591' title='bbox 328 2661 371 2693; x_wconf 94' lang='lat' dir='ltr'><strong>de</strong></span> <span class='ocrx_word' id='word_1_592' title='bbox 393 2669 509 2692; x_wconf 88' lang='lat' dir='ltr'><strong>mense</strong></span> <span class='ocrx_word' id='word_1_593' title='bbox 530 2656 742 2700; x_wconf 88' lang='lat' dir='ltr'><strong>septembris.</strong></span> 
     </span>
     <span class='ocr_line' id='line_1_49' title="bbox 325 2704 2079 2751; baseline -0.005 -6"><span class='ocrx_word' id='word_1_594' title='bbox 325 2712 458 2746; x_wconf 89' lang='lat' dir='ltr'><strong>Eodem</strong></span> <span class='ocrx_word' id='word_1_595' title='bbox 480 2720 583 2750; x_wconf 89' lang='lat' dir='ltr'><strong>anno,</strong></span> <span class='ocrx_word' id='word_1_596' title='bbox 607 2710 652 2743; x_wconf 91' lang='lat' dir='ltr'><strong>de</strong></span> <span class='ocrx_word' id='word_1_597' title='bbox 675 2710 771 2742; x_wconf 90' lang='lat' dir='ltr'><strong>dicto</strong></span> <span class='ocrx_word' id='word_1_598' title='bbox 793 2719 909 2742; x_wconf 88' lang='lat' dir='ltr'><strong>mense</strong></span> <span class='ocrx_word' id='word_1_599' title='bbox 931 2707 1143 2751; x_wconf 85' lang='lat' dir='ltr'><strong>septembris.</strong></span> <span class='ocrx_word' id='word_1_600' title='bbox 1161 2726 1203 2732; x_wconf 91' lang='lat'><strong>—-</strong></span> <span class='ocrx_word' id='word_1_601' title='bbox 1227 2707 1355 2740; x_wconf 87' lang='lat' dir='ltr'><strong>Omnes</strong></span> <span class='ocrx_word' id='word_1_602' title='bbox 1378 2707 1422 2740; x_wconf 89' lang='lat' dir='ltr'><strong>de</strong></span> <span class='ocrx_word' id='word_1_603' title='bbox 1444 2707 1636 2740; x_wconf 84' lang='lat' dir='ltr'><strong>Malatestis</strong></span> <span class='ocrx_word' id='word_1_604' title='bbox 1658 2711 1693 2739; x_wconf 86' lang='lat' dir='ltr'><strong>et</strong></span> <span class='ocrx_word' id='word_1_605' title='bbox 1716 2705 1875 2738; x_wconf 87' lang='lat' dir='ltr'><strong>dominus</strong></span> <span class='ocrx_word' id='word_1_606' title='bbox 1896 2704 2079 2737; x_wconf 81' lang='lat' dir='ltr'><strong>Malatesta</strong></span> 
     </span>
    </p>
   </div>
   <div class='ocr_carea' id='block_1_11' title="bbox 235 2757 2078 2859">
    <p class='ocr_par' dir='ltr' id='par_1_16' title="bbox 235 2757 2078 2859">
     <span class='ocr_line' id='line_1_50' title="bbox 236 2757 2078 2804; baseline -0.005 -6"><span class='ocrx_word' id='word_1_607' title='bbox 236 2771 272 2799; x_wconf 89' lang='lat' dir='ltr'><strong>et</strong></span> <span class='ocrx_word' id='word_1_608' title='bbox 295 2764 453 2798; x_wconf 85' lang='lat' dir='ltr'><strong>dominus</strong></span> <span class='ocrx_word' id='word_1_609' title='bbox 474 2763 715 2796; x_wconf 87' lang='lat' dir='ltr'><strong>Malatestinus</strong></span> <span class='ocrx_word' id='word_1_610' title='bbox 737 2773 815 2795; x_wconf 90' lang='lat' dir='ltr'><strong>cum</strong></span> <span class='ocrx_word' id='word_1_611' title='bbox 839 2762 961 2795; x_wconf 90' lang='lat' dir='ltr'><strong>amicis</strong></span> <span class='ocrx_word' id='word_1_612' title='bbox 983 2762 1053 2794; x_wconf 88' lang='lat' dir='ltr'><strong>suis</strong></span> <span class='ocrx_word' id='word_1_613' title='bbox 1074 2766 1283 2804; x_wconf 88' lang='lat' dir='ltr'><strong>acceperunt</strong></span> <span class='ocrx_word' id='word_1_614' title='bbox 1306 2761 1483 2793; x_wconf 85' lang='lat' dir='ltr'><strong>civitatem</strong></span> <span class='ocrx_word' id='word_1_615' title='bbox 1505 2759 1657 2792; x_wconf 88' lang='lat' dir='ltr'><strong>Arimini</strong></span> <span class='ocrx_word' id='word_1_616' title='bbox 1681 2758 1821 2792; x_wconf 90' lang='lat' dir='ltr'><strong>domino</strong></span> <span class='ocrx_word' id='word_1_617' title='bbox 1843 2758 1957 2802; x_wconf 88' lang='lat' dir='ltr'><strong>legato</strong></span> <span class='ocrx_word' id='word_1_618' title='bbox 1987 2757 2078 2789; x_wconf 88' lang='lat' dir='ltr'><strong>malo</strong></span> 
     </span>
     <span class='ocr_line' id='line_1_51' title="bbox 235 2814 1282 2859; baseline -0.004 -8"><span class='ocrx_word' id='word_1_619' title='bbox 235 2819 338 2851; x_wconf 92' lang='lat' dir='ltr'><strong>modo</strong></span> <span class='ocrx_word' id='word_1_620' title='bbox 359 2822 395 2850; x_wconf 90' lang='lat' dir='ltr'><strong>et</strong></span> <span class='ocrx_word' id='word_1_621' title='bbox 417 2822 539 2850; x_wconf 83' lang='lat' dir='ltr'><strong>contra</strong></span> <span class='ocrx_word' id='word_1_622' title='bbox 561 2816 669 2859; x_wconf 89' lang='lat' dir='ltr'><strong>ipsius</strong></span> <span class='ocrx_word' id='word_1_623' title='bbox 693 2815 826 2848; x_wconf 88' lang='lat' dir='ltr'><strong>domini</strong></span> <span class='ocrx_word' id='word_1_624' title='bbox 848 2814 1037 2850; x_wconf 85' lang='lat' dir='ltr'><strong>cardinalis</strong></span> <span class='ocrx_word' id='word_1_625' title='bbox 1059 2814 1282 2848; x_wconf 87' lang='lat' dir='ltr'><strong>voluntatem.</strong></span> 
     </span>
    </p>
   </div>
   <div class='ocr_carea' id='block_1_12' title="bbox 2101 2649 2142 2683">
    <p class='ocr_par' dir='ltr' id='par_1_17' title="bbox 2101 2649 2142 2683">
     <span class='ocr_line' id='line_1_52' title="bbox 2101 2649 2142 2683; baseline 0 0"><span class='ocrx_word' id='word_1_626' title='bbox 2101 2649 2142 2683; x_wconf 88' lang='lat'><strong>45</strong></span> 
     </span>
    </p>
   </div>
   <div class='ocr_carea' id='block_1_13' title="bbox 234 2918 2075 3003">
    <p class='ocr_par' dir='ltr' id='par_1_18' title="bbox 234 2918 2075 3003">
     <span class='ocr_line' id='line_1_53' title="bbox 322 2918 2075 2958; baseline -0.004 -8"><span class='ocrx_word' id='word_1_627' title='bbox 322 2931 355 2958; x_wconf 84' lang='lat'><strong>25</strong></span> <span class='ocrx_word' id='word_1_628' title='bbox 374 2923 539 2958; x_wconf 75' lang='lat' dir='ltr'><strong>occupabat]</strong></span> <span class='ocrx_word' id='word_1_629' title='bbox 556 2932 635 2957; x_wconf 67' lang='lat' dir='ltr'><strong>segue</strong></span> <span class='ocrx_word' id='word_1_630' title='bbox 652 2924 751 2949; x_wconf 73' lang='lat' dir='ltr'><strong>contra</strong></span> <span class='ocrx_word' id='word_1_631' title='bbox 769 2923 944 2949; x_wconf 78' lang='lat' dir='ltr'><strong>voluntatem</strong></span> <span class='ocrx_word' id='word_1_632' title='bbox 961 2923 1104 2948; x_wconf 73' lang='lat' dir='ltr'><strong>cancellato</strong></span> <span class='ocrx_word' id='word_1_633' title='bbox 1123 2937 1156 2941; x_wconf 97' lang='lat'><strong>—</strong></span> <span class='ocrx_word' id='word_1_634' title='bbox 1175 2922 1208 2948; x_wconf 80' lang='lat'><strong>28</strong></span> <span class='ocrx_word' id='word_1_635' title='bbox 1226 2921 1338 2955; x_wconf 73' lang='lat' dir='ltr'><strong>campo]</strong></span> <span class='ocrx_word' id='word_1_636' title='bbox 1358 2922 1405 2947; x_wconf 78' lang='lat' dir='ltr'><strong>I’a.</strong></span> <span class='ocrx_word' id='word_1_637' title='bbox 1431 2929 1519 2947; x_wconf 85' lang='lat' dir='ltr'><strong>aveva</strong></span> <span class='ocrx_word' id='word_1_638' title='bbox 1537 2921 1629 2946; x_wconf 79' lang='lat' dir='ltr'><strong>scm‘tto</strong></span> <span class='ocrx_word' id='word_1_639' title='bbox 1641 2921 1734 2953; x_wconf 72' lang='lat' dir='ltr'><strong>prima</strong></span> <span class='ocrx_word' id='word_1_640' title='bbox 1752 2919 1833 2951; x_wconf 84' lang='lat' dir='ltr'><strong>bello,</strong></span> <span class='ocrx_word' id='word_1_641' title='bbox 1851 2927 1865 2944; x_wconf 85' lang='lat' dir='ltr'><strong>e</strong></span> <span class='ocrx_word' id='word_1_642' title='bbox 1882 2919 1909 2944; x_wconf 82' lang='lat' dir='ltr'><strong>lo</strong></span> <span class='ocrx_word' id='word_1_643' title='bbox 1926 2918 1960 2944; x_wconf 78' lang='lat' dir='ltr'><strong>ba</strong></span> <span class='ocrx_word' id='word_1_644' title='bbox 1977 2918 2075 2944; x_wconf 75' lang='lat' dir='ltr'><strong>caucel—</strong></span> 
     </span>
     <span class='ocr_line' id='line_1_54' title="bbox 234 2963 1830 3003; baseline -0.006 -8"><span class='ocrx_word' id='word_1_645' title='bbox 234 2969 290 2995; x_wconf 75' lang='lat' dir='ltr'><strong>lato</strong></span> <span class='ocrx_word' id='word_1_646' title='bbox 309 2979 342 2987; x_wconf 88' lang='lat'>—</span> <span class='ocrx_word' id='word_1_647' title='bbox 361 2973 394 3001; x_wconf 83' lang='lat'><strong>33</strong></span> <span class='ocrx_word' id='word_1_648' title='bbox 413 2967 541 3003; x_wconf 62' lang='lat' dir='ltr'><strong>Bugonus</strong></span> <span class='ocrx_word' id='word_1_649' title='bbox 559 2967 593 2993; x_wconf 82' lang='lat' dir='ltr'><strong>de</strong></span> <span class='ocrx_word' id='word_1_650' title='bbox 611 2965 773 3000; x_wconf 72' lang='lat' dir='ltr'><strong>Reman-dis]</strong></span> <span class='ocrx_word' id='word_1_651' title='bbox 786 2966 879 2999; x_wconf 71' lang='lat' dir='ltr'><strong>prima</strong></span> <span class='ocrx_word' id='word_1_652' title='bbox 898 2966 944 2991; x_wconf 83' lang='lat' dir='ltr'><strong>l&#39;a.</strong></span> <span class='ocrx_word' id='word_1_653' title='bbox 964 2973 1053 2992; x_wconf 81' lang='lat' dir='ltr'><strong>aveva</strong></span> <span class='ocrx_word' id='word_1_654' title='bbox 1070 2969 1163 2991; x_wconf 74' lang='lat' dir='ltr'><strong>scruto</strong></span> <span class='ocrx_word' id='word_1_655' title='bbox 1180 2965 1320 2998; x_wconf 77' lang='lat' dir='ltr'><strong>Rogerius</strong></span> <span class='ocrx_word' id='word_1_656' title='bbox 1339 2965 1372 2991; x_wconf 82' lang='lat' dir='ltr'><strong>de</strong></span> <span class='ocrx_word' id='word_1_657' title='bbox 1392 2964 1542 2990; x_wconf 72' lang='lat' dir='ltr'><strong>Bemardis</strong></span> <span class='ocrx_word' id='word_1_658' title='bbox 1561 2972 1573 2988; x_wconf 88' lang='lat' dir='ltr'><strong>e</strong></span> <span class='ocrx_word' id='word_1_659' title='bbox 1592 2964 1618 2988; x_wconf 81' lang='lat' dir='ltr'><strong>lo</strong></span> <span class='ocrx_word' id='word_1_660' title='bbox 1636 2964 1669 2987; x_wconf 84' lang='grc' dir='ltr'><strong>Ιια</strong></span> <span class='ocrx_word' id='word_1_661' title='bbox 1687 2963 1830 2988; x_wconf 78' lang='lat' dir='ltr'><strong>cancellato</strong></span> 
     </span>
    </p>
   </div>
  </div>
 </body>
</html>
