2196 3424
0 752 77 839 ξω

0 843 9 906 ἑ

0 924 6 948 s

36 1020 75 1055 15

0 1095 9 1216 ,ξ

0 1233 7 1331 J
33 1267 76 1299 20

0 1332 7 1378 ῗ

0 1505 5 1540 ἒ.

0 1514 72 1560 ἶ25

0 1583 4 1614 Ξ

0 1663 6 1692 Ξ

0 1696 9 1728 ἑ,

31 1763 75 1796 30

30 2011 72 2045 35

0 2320 71 2370 ὲ4ο

0 2586 10 2626 ,μὴ
0 2496 7 2579 ..μω-Ὗ
0 2423 7 2484 -w-w.
0 2409 2 2414 -

0 2627 68 2682 i45

0 3029 7 3054 f

0 3055 7 3082 ἰ

0 2896 11 2964 5„

0 2963 10 3052 ἓ

826 175 1229 218 INTRODUZIONE
1861 188 1945 225 LIII

459 316 654 350 Gmrrom.
1414 324 1595 360 VILLOLA.

1052 393 1168 419 ultavit
1185 401 1283 420 omnes
1300 403 1444 428 processus
1462 396 1554 423 factos
1572 400 1669 425 contra
1687 399 1834 425 dominum
1855 407 1949 434 regem

1049 441 1204 468 Robertum
1231 451 1281 476 per
1307 444 1453 471 dommum
1470 447 1672 479 Imperatorem
1689 450 1719 474 et
1735 449 1829 481 Ipsum
1853 456 1947 483 regem

1051 494 1198 519 constituit
1219 495 1342 521 vIcarlus
1366 497 1521 529 generalem
1546 499 1578 523 in
1597 499 1729 525 omnibus
1746 501 1830 526 terris
1847 500 1950 526 substi-

1051 541 1120 567 tutis
1138 542 1189 567 sub
1208 543 1317 576 Inperio
1339 545 1411 571 citra
1437 547 1580 572 montanis
1599 547 1629 572 et
1646 547 1700 573 hoc
1716 547 1784 574 fecit
1807 548 1852 574 die
1875 549 1949 575 lovis

1051 597 1118 615 11111
1136 591 1256 618 Ianuari.

189 631 295 658 Eodem
316 639 407 658 anno.
438 633 580 660 Dominus
607 634 733 668 Pelagius
759 635 792 660 de
819 636 940 670 Pelagus
965 638 1000 664 de
1139 640 1180 665 Eo
1196 648 1272 666 anno
1291 642 1327 667 D.
1346 642 1485 676 Pelaguus
1503 643 1536 669 de
1555 644 1671 677 Plagmn
1690 644 1723 670 de
1741 647 1837 671 sancto
1856 645 1950 671 Zemi-

103 679 206 706 Sancto
224 681 346 707 Miniato
364 681 419 707 fuit
436 683 599 715 capitaneus
616 684 715 716 populi
732 685 887 711 Bononlae.
1051 687 1139 712 ulmo
1157 687 1214 714 fuit
1231 691 1392 722 capitaneus
1409 690 1512 724 populi
1530 692 1659 718 Bononie
1671 693 1721 726 qul
1734 694 1815 719 obuii:
1829 695 1861 719 ln
1873 693 1948 719 dicto

1050 737 1187 768 regimine
1204 739 1233 763 et
1249 738 1311 765 loco
1329 741 1390 766 eius
1409 741 1515 766 sucesst
1532 741 1559 767 d.
1578 742 1679 767 Bertus
1698 742 1730 767 de
1750 743 1871 776 Pelnglis
1889 744 1949 768 eius

1050 790 1138 817 nepos
1155 786 1205 818 qul
1223 788 1370 821 conplevit
1387 790 1511 823 regimen
1529 797 1581 823 pro
1599 791 1675 816 dicto
1694 791 1721 817 d.
1739 791 1873 825 Pelaguo.

1138 834 1180 860 Eo
1199 843 1276 862 anno
1295 837 1321 863 d.
1340 845 1414 870 papa
1432 838 1560 864 Clemens
1578 840 1627 872 qul
1645 840 1715 865 olim
1732 839 1788 866 fuit
1811 840 1949 872 archiepi-

1050 888 1150 915 scopus
1169 884 1295 911 Boi-delle
1313 886 1394 912 obuit
1410 887 1455 912 die
1472 894 1562 913 xvim
1579 888 1689 921 aprilis.

1137 933 1179 958 Eo
1200 941 1276 960 anno
1304 934 1350 960 dle
1377 942 1445 961 x1111
1472 936 1547 962 iunii
1574 938 1673 963 civius
1697 937 1791 962 Luche
1817 937 1950 969 occupata

1049 977 1104 1005 fuit
1122 988 1139 1007 a
1157 982 1273 1009 Pleanis
1289 991 1340 1016 per
1357 984 1434 1010 viam
1460 973 1642 1017 producionis
1668 987 1791 1012 castrum
1810 985 1949 1012 Seravalia

1049 1036 1102 1060 que
1119 1031 1286 1057 tenebantur
1302 1040 1352 1065 per
1370 1033 1530 1059 Luchenses
1548 1036 1576 1059 et
1593 1035 1690 1060 omnia
1707 1034 1771 1062 fere,
1783 1034 1837 1061 alia
1859 1035 1951 1060 cantra

1050 1077 1219 1105 Lucensium
1236 1081 1328 1107 redlta
1345 1080 1460 1107 fuerunt
1477 1082 1558 1108 dictis
1576 1083 1695 1108 Plsanis.

188 1117 292 1144 Eodem
311 1126 396 1145 mno-
414 1119 556 1145 Dominus
577 1120 695 1153 Iacobus
713 1121 747 1146 de
766 1121 941 1146 Pontecarali
964 1121 996 1146 de
1138 1129 1178 1154 Eo
1196 1136 1271 1155 anno
1290 1131 1316 1156 d.
1336 1130 1485 1156 Iacobinus
1509 1131 1543 1156 de
1567 1131 1658 1157 Ponte
1683 1131 1776 1158 carali
1801 1132 1835 1157 de
1858 1132 1950 1157 Briau

101 1167 200 1192 Brixla
210 1166 267 1193 fuit
278 1169 402 1200 potestas
414 1168 558 1194 Bononiae
577 1176 629 1202 pro
648 1169 775 1195 secundis
786 1177 835 1195 sex
847 1170 995 1195 mensibus.
1049 1174 1107 1202 fust
1124 1178 1250 1209 potat„
1268 1180 1406 1205 Bononia

1136 1227 1179 1252 Eo
1197 1234 1273 1253 anno
1291 1227 1336 1253 dle
1353 1229 1446 1260 primo
1465 1228 1528 1254 Iulli
1545 1228 1671 1254 paduani
1683 1230 1878 1261 equiuvenmt
1891 1236 1950 1254 ver—

1048 1274 1096 1299 tus
1114 1274 1278 1300 Vlcenciam
1296 1278 1324 1300 et
1341 1277 1475 1308 ceperunt
1491 1276 1597 1309 burgos
1615 1277 1645 1301 et
1662 1277 1705 1301 ibi
1723 1276 1825 1302 stando
1837 1276 1949 1301 creden-

1049 1323 1091 1347 tes
1109 1330 1203 1349 secure
1223 1332 1336 1350 manere
1354 1324 1379 1350 d.
1400 1324 1477 1351 Cane
1494 1325 1544 1357 qui
1563 1326 1624 1350 erat
1642 1325 1753 1350 Verone
1771 1325 1827 1350 ivit
1848 1325 1950 1350 vicen-

1047 1371 1120 1397 clam
1138 1373 1166 1397 et
1183 1373 1302 1406 propter
1320 1372 1422 1399 malam
1440 1374 1596 1399 custodiam
1614 1380 1698 1407 quam
1717 1373 1843 1399 Paduanl
1868 1372 1951 1398 faele-

1048 1419 1118 1445 bant
1135 1420 1225 1447 dictus
1244 1421 1270 1447 d.
1290 1421 1368 1447 Cane
1385 1421 1460 1447 forte
1478 1430 1541 1448 cum
1560 1422 1585 1448 C
1602 1422 1741 1448 mnitibus
1765 1422 1874 1448 invasit
1901 1429 1949 1447 ou-

1048 1469 1169 1494 stodiam
1187 1469 1385 1496 paduanorum
1409 1477 1466 1503 qua
1482 1470 1581 1496 demta
1597 1471 1653 1496 ivit
1677 1478 1772 1497 versus
1796 1471 1949 1496 exercitum

1049 1517 1247 1544 Paduanorum
1264 1519 1314 1551 qui
1332 1520 1429 1545 statim
1447 1520 1630 1552 arripuerunt
1640 1518 1737 1553 fugam
1749 1520 1791 1545 ita
1803 1518 1878 1552 quod
1891 1525 1950 1544 ma-

1047 1574 1104 1600 gna
1121 1575 1190 1601 gens
1207 1575 1306 1593 eorum
1324 1569 1407 1601 capta
1425 1567 1483 1594 fuit
1500 1570 1530 1594 et
1552 1569 1636 1594 bonit
1654 1568 1786 1595 omnibus
1811 1567 1947 1601 expoliati

1047 1616 1170 1642 fuerunt.

1134 1666 1204 1692 Post
1220 1665 1270 1691 hec
1282 1665 1366 1699 paulo
1378 1667 1484 1692 tratatu
1498 1666 1671 1692 Venetorum
1684 1666 1768 1691 certis
1780 1664 1862 1692 factis
1874 1666 1951 1690 Inter

1048 1714 1194 1740 paduanos
1205 1716 1233 1740 et
1244 1714 1271 1740 d.
1284 1715 1390 1741 Canem
1400 1716 1497 1749 tregua
1506 1716 1567 1741 fata
1577 1715 1632 1741 fult
1642 1715 1718 1740 inter
1729 1722 1777 1740 eos
1789 1714 1946 1740 dimitendo

1048 1764 1193 1789 civItatem
1211 1763 1365 1790 Vlcendcie
1383 1763 1458 1789 dlcto
1477 1763 1594 1790 domino
1607 1763 1684 1790 Cane
1697 1763 1817 1790 liberam
1829 1764 1858 1788 et
1870 1769 1950 1795 expe-

1048 1813 1137 1839 ditum

1136 1862 1179 1888 Eo
1197 1869 1272 1888 anno
1290 1863 1401 1888 declam
1419 1862 1489 1895 pani
1505 1862 1601 1888 bixem
1619 1863 1648 1887 et
1666 1861 1720 1888 lini
1736 1862 1869 1894 primitus
1893 1861 1949 1887 sta-

1049 1912 1163 1938 billtum
1173 1911 1229 1936 fuit
1238 1913 1267 1936 et
1277 1911 1422 1936 venditum
1434 1918 1485 1943 per
1494 1913 1564 1936 1111¹²¹
1573 1911 1659 1936 libras
1671 1917 1720 1943 per
1732 1917 1821 1936 unum
1833 1916 1948 1935 annum.

1137 1961 1179 1986 Eo
1198 1967 1274 1986 anno
1293 1960 1337 1986 illi
1356 1960 1390 1985 de
1409 1959 1536 1986 Calbullo
1555 1967 1618 1985 eum
1637 1959 1728 1985 anicla
1747 1957 1810 1992 (sic)
1829 1959 1887 1984 suis
1904 1965 1949 1983 ex-

1049 2010 1124 2043 pulsi
1142 2010 1254 2035 fuerunt
1271 2009 1304 2034 de
1323 2009 1440 2034 civitate
1457 2008 1581 2033 Fon-livii
1599 2009 1634 2033 ab
1652 2007 1826 2041 Argeglosle.

186 2061 294 2087 Eodem
311 2068 396 2087 anno.
410 2061 548 2087 Dominus
561 2060 660 2086 Fulcus
672 2061 708 2087 de
720 2061 843 2087 Facibus
857 2068 886 2087 se
899 2060 998 2088 docto·
1138 2060 1181 2084 Eo
1200 2065 1275 2084 anno
1293 2057 1320 2084 d.
1339 2057 1439 2083 Fulcus
1458 2057 1492 2082 de
1509 2057 1627 2082 Panibus
1646 2055 1703 2082 fuit
1715 2055 1806 2082 faetus
1818 2055 1903 2081 milex
1922 2056 1949 2080 et

100 2110 173 2136 ravit
190 2111 220 2135 et
236 2109 293 2135 fult
312 2110 399 2135 factus
418 2109 507 2135 miles.
1050 2108 1148 2134 doctor
1166 2107 1260 2141 legum
1278 2106 1322 2132 die
1339 2113 1417 2132 nono
1435 2105 1604 2131 novembris.

205 2210 234 2246 11
255 2210 390 2259 'quinto
418 2210 577 2258 periodo
603 2209 641 2246 10
667 2210 856 2257 possiamo
884 2209 1048 2247 stabilire
1076 2215 1132 2245 tra
1161 2209 1186 2244 il
1220 2207 1316 2243 1316
1347 2218 1367 2242 e
1396 2206 1422 2242 il
1462 2203 1576 2245 1370.
1631 2204 1744 2246 Quali
1779 2216 1871 2241 sono
1907 2204 1942 2240 le

101 2273 219 2310 fonti?
246 2273 335 2308 buio
363 2280 484 2320 pesto.
539 2271 665 2308 Credo
693 2273 761 2308 che
786 2273 852 2321 gia
880 2274 946 2320 per
973 2272 1094 2320 questi
1121 2271 1205 2307 anni
1232 2269 1349 2307 molte
1367 2268 1505 2304 notizie
1524 2268 1628 2304 siano
1647 2267 1860 2314 particolari
1880 2278 1901 2302 e
1919 2266 1945 2301 il

100 2335 258 2372 Griffoni
275 2340 411 2371 traesee
439 2334 500 2371 dai
525 2335 671 2383 registri
688 2347 710 2371 e
731 2335 792 2371 dai
811 2335 1024 2372 documenti
1043 2334 1140 2370 della
1169 2344 1233 2369 sua
1259 2331 1424 2378 famiglia
1448 2327 1515 2380 (es.
1544 2335 1645 2366 sotto
1671 2329 1798 2365 -l'anno
1832 2327 1943 2375 1347,

106 2397 199 2434 1351
223 2395 339 2447 ecc.);
366 2397 458 2434 altre
488 2397 579 2434 tolse
607 2397 655 2434 da
682 2397 896 2434 documenti
915 2397 1013 2434 della
1032 2397 1190 2432 Camera
1209 2394 1308 2442 degli
1326 2393 1408 2430 Atti
1437 2393 1504 2429 che
1532 2392 1605 2439 egli
1631 2392 1704 2428 ben
1730 2402 1941 2428 conosoeva

99 2471 166 2508 per
192 2459 319 2496 averla
345 2459 577 2508 frequentata
605 2460 758 2496 durante
785 2460 822 2496 la
849 2459 1065 2509 presidenza
1093 2458 1131 2494 di
1158 2470 1224 2495 suo
1251 2468 1391 2504 genero
1421 2456 1608 2491 Giacomo
1631 2454 1861 2500 Bianchetti3
1879 2465 1948 2501 per

100 2522 192 2559 altre
210 2522 348 2558 notizie
376 2523 514 2559 ricorse
534 2534 555 2558 a
574 2528 704 2559 strette
733 2521 1005 2570 eompilazioni.
1058 2521 1203 2557 Intanto
1221 2519 1260 2555 di
1279 2524 1381 2555 certo
1409 2517 1597 2566 possiamo
1616 2517 1816 2553 assicurare
1835 2515 1903 2552 che
1922 2514 1948 2550 il

101 2584 258 2621 Griffoni
284 2597 358 2620 non
387 2584 572 2631 conobbe‚
601 2598 623 2622 e
650 2598 726 2621 non
743 2586 832 2632 pote
860 2585 985 2633 quindi
1012 2595 1129 2629 usare,
1157 2583 1203 2618 ne
1229 2582 1264 2617 la
1292 2581 1442 2617 cronica
1461 2579 1611 2626 volgare
1630 2583 1947 2625 contemporanea

98 2647 166 2683 che
194 2646 254 2682 dal
286 2646 382 2683 1324
412 2658 459 2683 va
487 2647 522 2682 al
556 2647 667 2692 1329,
697 2648 743 2682 ne
770 2647 807 2682 la
835 2647 985 2682 cronica
1012 2646 1073 2682 del
1100 2644 1251 2682 Villola.
1305 2642 1382 2679 Nel
1410 2641 1569 2679 Griffoni
1586 2653 1660 2677 non
1686 2640 1874 2677 troviamo
1900 2640 1946 2674 ne

99 2709 216 2745 anche
243 2721 374 2745 nessun
401 2709 526 2745 chiaro
554 2709 703 2746 ricordo
731 2710 776 2744 ne
804 2708 901 2744 della
938 2709 1163 2755 Varignana,
1192 2707 1237 2741 ne
1265 2705 1362 2742 della
1396 2705 1536 2757 Tuata,
1557 2705 1603 2739 ne
1630 2702 1728 2739 della
1758 2701 1945 2746 Saraceni,

100 2772 146 2807 ne
173 2770 270 2808 della
297 2771 533 2819 Bolognetti3
562 2772 641 2808 cosi
669 2784 744 2807 non
771 2770 915 2807 v’entra
942 2782 1009 2818 per
1035 2770 1132 2806 nulla
1159 2769 1184 2804 il
1212 2769 1328 2804 Testo
1365 2767 1530 2814 Vulgato
1557 2777 1633 2801 non
1669 2763 1826 2805 essendo
1863 2774 1947 2800 esso

101 2833 169 2870 che
196 2833 232 2870 la
258 2834 519 2881 riproduzione
547 2834 798 2882 volgarizzata
835 2833 896 2870 del
923 2832 1075 2869 Villola.
1129 2831 1376 2879 Quantunque
1408 2829 1441 2866 le
1478 2834 1601 2864 nostre
1638 2826 1803 2863 ricerche
1840 2826 1945 2862 siano

99 2901 194 2932 state
222 2897 507 2943 accuratissime,
536 2908 612 2932 non
638 2897 815 2933 abbiamo
842 2900 976 2943 potuto
1003 2900 1152 2931 trovare
1189 2892 1461 2940 eompilazione
1496 2903 1521 2927 ο
1556 2890 1772 2927 narrazione
1810 2887 1859 2924 da
1887 2888 1945 2925 cui

27 2958 70 2994 50
97 2959 208 2996 abbia
234 2964 348 2997 tratto
375 2959 655 3008 copiosamente
683 2958 708 2994 il
737 2958 906 2995 Griffoni.
