2242 3418
106 520 126 535 c.
141 519 183 538 ¹5⁹
198 514 209 534 b

104 1151 124 1166 c.
139 1149 181 1168 1⁴⁰
195 1151 208 1164 a

107 1944 127 1960 c.
142 1943 182 1962 1⁴⁰
197 1939 209 1959 b

83 2444 161 2468 Mun„
177 2444 214 2464 1⁹⁹

114 2476 133 2491 c.
148 2477 187 2495 ¹⁴¹
202 2478 217 2491 a

294 157 341 193 82
640 139 645 148 '
831 151 1116 188 MATTHAEI
1142 151 1212 186 DE
1242 149 1591 186 GRIFFONIBUS
1846 157 1930 192 [ΛΑ.
1952 160 2130 194 mnaso]

289 291 446 324 dominus
469 288 641 323 Antonius
674 287 811 331 aufugit
845 286 1010 319 Venetias
1032 291 1066 318 et
1090 286 1203 318 factus
1238 285 1307 317 fuit
1344 284 1432 317 civis
1467 283 1691 317 Venetiarum
1723 291 1757 318 et
1780 286 1823 319 de
1847 288 1992 321 consilio
2016 288 2130 322 Vene-

288 351 505 428 tormFliodem
528 404 630 432 anno,
654 394 711 426 die
736 403 838 434 xxvij
862 393 949 425 dicti
980 391 1107 424 mensis
1139 390 1301 423 octobris.
1328 409 1369 413 —
1393 390 1503 422 Natus
1527 390 1595 422 fuit
1618 389 1768 431 Andalb‚
1795 392 1886 425 filius
1909 394 2063 427 Mathaei
2088 395 2132 427 de

289 448 515 486 Griffonibus,
539 458 582 479 ex
605 446 744 479 domina
768 446 909 484 Helena,
934 456 994 477 sua
1018 454 1133 476 uxore.

378 499 751 533 M.CCCLXXXV111.
777 517 817 521 ——
841 498 1009 530 Dominus
1032 497 1155 529 Petrus
1179 496 1393 529 Mauroceno
1417 497 1460 528 de
1484 497 1642 530 Venetiis
1665 498 1733 530 fuit
1756 504 1906 540 potestas
1920 500 2109 533 Bononiae.
2179 499 2197 532 5

374 553 504 585 Eodem
528 562 630 590 anno,
655 552 712 584 die
734 561 811 583 xxv
835 551 961 583 martii.
990 569 1030 573 ——
1049 550 1148 582 Obiit
1164 550 1323 582 dominus
1348 549 1515 582 Nicolaus
1530 550 1684 583 Estensis
1700 551 1855 584 marchio
1871 553 2031 586 dominus
2046 554 2134 586 civi-

288 607 367 639 tatis
390 605 580 644 Ferrariae,
597 611 630 637 et
646 615 791 637 comune
814 604 993 636 Bononiae
1016 602 1110 634 misit
1126 603 1172 634 ad
1189 602 1352 645 exequias
1376 602 1516 635 indutos
1533 603 1576 635 de
1593 604 1693 647 nigro
1710 604 1887 637 dominum
1909 605 2134 639 Franciscum

287 660 330 692 de
352 658 591 700 Ramponibus
614 658 727 701 legum
751 657 927 689 doctorem
951 661 984 688 et
1008 656 1167 688 Nannem
1192 655 1235 687 de
1260 655 1452 699 Gocadinis
1475 666 1698 698 campsorem.

373 711 503 743 Eodem
526 720 628 743 anno.
652 729 693 733 —-
718 710 925 743 Consti-ueta
948 710 1089 740 fuerunt
1113 708 1340 750 infrascripta
1364 715 1478 741 castra
1508 709 1545 740 in
1577 710 1744 749 comitatu
1775 711 1953 744 Bononiae
1984 723 2046 755 per
2076 723 2134 746 co·
2191 741 2194 744 Δ

286 774 387 797 mune
403 763 590 801 Bononiae,
607 763 787 795 videlicet:
805 767 953 794 castrum
970 761 1090 794 Sancti
1108 761 1250 804 Georgii
1268 761 1311 793 de
1327 761 1447 801 Plano,
1465 767 1613 794 castrum
1629 762 1788 806 Liglani3
1805 770 1839 796 et
1855 765 1958 797 etiam
1974 766 2011 797 in
2028 766 2135 798 comi·
2162 767 2200 799 10

286 822 358 850 tatu
383 817 524 849 Imolae:
550 815 707 848 Castrum
731 815 974 858 Bolognesium
997 819 1032 846 et
1055 819 1205 846 castrum
1230 813 1379 846 Sanctae
1401 814 1561 858 Agathae
1584 816 1767 848 comitatus
1789 817 1973 850 imolensis.

373 870 502 902 Eodem
526 878 628 901 anno.
654 887 695 891 ——-
719 868 885 900 Inchoata
908 867 976 899 fuit
999 878 1124 910 guerra
1147 866 1238 898 inter
1261 867 1422 899 comitem
1439 868 1615 900 Virtutum
1640 869 1684 901 de
1706 869 1906 903 Mediolano
1922 877 1956 903 et
1973 872 2150 905 dominum

286 922 508 954 Franciscum
533 921 576 954 de
599 921 796 959 Charraria‚
822 920 999 952 dominum
1025 919 1179 952 civitatis
1202 919 1343 952 Paduae
1366 926 1401 952 et
1423 920 1588 953 Trivixii.

374 975 504 1007 Eodem
529 984 631 1013 anno,
655 974 698 1006 de
721 983 837 1005 mense
860 973 1007 1017 augusti.
1033 991 1074 995 —
1098 972 1197 1005 Obiit
1221 973 1381 1005 dominus
1403 972 1602 1006 Anthonius
1618 975 1710 1010 dela
1734 974 1847 1015 Scala,
1870 977 1952 1009 olim
1976 978 2136 1011 dominus

285 1028 454 1067 Veronae,
470 1033 505 1060 et
528 1027 658 1059 dicitur
680 1026 774 1070 quod
797 1026 866 1058 fuit
889 1026 1071 1058 tossicatus
1094 1025 1131 1058 in
1154 1025 1338 1058 Mercatali
1362 1026 1406 1058 de
1429 1026 1598 1060 Terdotio
1622 1028 1792 1061 dioecesis
1815 1028 2004 1063 Faventiae
2026 1037 2061 1064 et
2083 1041 2135 1064 se-
2162 1030 2199 1064 15

286 1081 400 1124 pultus
423 1081 491 1113 fuit
512 1080 729 1113 Mutilianae.

374 1134 504 1166 Eodem
527 1143 629 1172 anno,
661 1133 705 1165 de
727 1142 843 1164 mense
866 1132 1079 1174 septembris.
1112 1151 1153 1155 —
1185 1133 1354 1166 Dominus
1377 1132 1541 1166 Albertus
1564 1135 1730 1174 marchio,
1762 1135 1791 1166 F
1793 1137 1944 1169 errariae
1978 1137 2137 1171 dominus

286 1192 362 1226 etc.‚
387 1187 486 1219 duxit
508 1187 546 1218 in
569 1196 710 1218 uxorem
734 1186 839 1218 filiam
865 1186 997 1218 domini
1022 1185 1167 1218 Cabrini
1193 1186 1236 1218 de
1259 1185 1425 1219 Robertis
1456 1187 1500 1219 de
1531 1187 1646 1231 Regio
1676 1194 1709 1220 et
1741 1189 1902 1222 dominae
1924 1190 2136 1235 Margaritae

285 1240 329 1272 de
352 1240 385 1272 la
409 1239 489 1272 Sale
512 1240 556 1271 de
578 1238 732 1277 Feraria,
757 1239 874 1271 uxoris
899 1239 986 1271 dicti
1011 1239 1143 1271 domini
1169 1238 1331 1277 Cabrini3
1356 1246 1390 1272 et
1413 1240 1482 1272 fuit
1505 1246 1701 1283 reputatum
1724 1252 1886 1286 magnum
1903 1244 2045 1285 factum.

340 1322 343 1325 ⁴
373 1293 503 1326 Eodem
526 1302 628 1330 anno,
653 1292 711 1324 die
734 1302 817 1333 va
841 1291 1053 1335 septembris.
1079 1311 1120 1315 —
1146 1291 1244 1325 Obiit
1267 1292 1427 1325 Naninus
1450 1293 1494 1325 de
1509 1293 1697 1327 Pelacanio
1721 1301 1902 1335 mercator,
1919 1297 2007 1329 civis
2027 1297 2134 1331 bono·
2158 1299 2201 1331 20

286 1345 425 1384 niensis,
449 1345 508 1389 qui
532 1345 652 1378 solitus
675 1350 749 1377 erat
772 1350 863 1377 stare
885 1345 1054 1384 Venetiis,
1072 1351 1106 1377 et
1122 1345 1210 1378 obiit
1227 1344 1406 1378 Bononiae
1429 1351 1463 1378 et
1486 1347 1640 1389 sepultus
1663 1347 1732 1380 fuit
1755 1349 1800 1381 ad
1824 1348 1989 1382 Sanctum
2012 1350 2137 1383 Marti-

286 1408 367 1431 num
391 1399 435 1431 de
457 1398 609 1442 Apposa.

373 1452 503 1484 Eodem
526 1461 628 1484 anno.
654 1470 696 1475 —
719 1451 887 1484 Dominus
911 1451 1057 1484 Guelfus
1081 1451 1124 1484 de
1147 1451 1313 1496 Puglisiis
1337 1453 1381 1485 de
1404 1452 1508 1485 Prato
1532 1453 1601 1486 fuit
1624 1459 1774 1496 potestas
1805 1454 1983 1489 Bononiae
2005 1456 2063 1489 die
2086 1467 2136 1490 xv

287 1505 498 1547 septembris.
714 1514 716 1517 ⁴
914 1533 916 1535 .
1328 1548 1330 1550 v

373 1558 503 1590 Eodem
526 1567 628 1597 anno,
653 1558 711 1590 die
734 1568 798 1599 XVJ
822 1558 1035 1601 septembris.
1062 1577 1103 1581 ——
1126 1558 1276 1591 Domina
1299 1559 1431 1598 Electa,
1455 1570 1542 1592 uxor
1557 1559 1713 1604 Astorgii
1731 1561 1775 1594 de
1790 1562 1987 1596 Manfredis
2002 1564 2135 1602 domini
2159 1562 2200 1596 25

286 1610 474 1643 Faventiae
496 1616 530 1643 et
552 1611 624 1643 filia
647 1611 779 1643 domini
805 1611 977 1644 Guidonis
1001 1611 1045 1643 de
1068 1611 1223 1650 Polenta,
1248 1612 1344 1644 venit
1367 1611 1560 1645 Bononiam
1577 1624 1681 1646 causa
1697 1614 1863 1647 visitandi
1881 1615 2043 1649 Sanctam
2058 1617 2137 1650 Ma-

287 1663 373 1696 riam
396 1664 433 1695 in
456 1664 578 1697 Monte
601 1669 635 1696 et
659 1664 839 1697 descendit
862 1665 899 1696 in
924 1665 1027 1697 domo
1051 1664 1159 1707 Lippi
1184 1665 1227 1697 de
1252 1664 1460 1705 Ghisileriis,
1478 1666 1538 1698 ubi
1555 1667 1670 1699 factus
1686 1667 1755 1700 fuit
1771 1668 1837 1700 sibi
1855 1679 2000 1713 magnus
2015 1670 2135 1709 honor,

286 1717 443 1759 expensis
465 1722 579 1749 tamen
603 1717 761 1750 comunis
783 1716 972 1750 Bononiae.

374 1769 505 1802 Eodem
527 1780 629 1803 anno.
662 1789 704 1794 —
734 1771 962 1813 Decapitatus
996 1771 1065 1804 fuit
1099 1782 1154 1803 ser
1188 1770 1296 1804 Beldo
1333 1773 1377 1804 de
1410 1772 1605 1817 Pancachis
1637 1773 1680 1806 de
1710 1774 1948 1808 Roncastaldo
1971 1777 2135 1816 notarius,

286 1833 349 1865 pro
372 1823 570 1865 proditione
593 1834 657 1866 pro
681 1824 832 1868 quodam
854 1829 1004 1857 tractatu
1029 1830 1150 1857 contra
1173 1823 1376 1864 Bononiam,
1402 1831 1439 1858 ut
1463 1826 1594 1859 dictum
1618 1827 1696 1859 fuit.
2158 1831 2202 1863 30

375 1876 506 1909 Eodem
529 1886 631 1909 anno.
657 1896 698 1900 —
721 1877 826 1910 Multi
851 1877 1085 1910 comitatidini
1110 1879 1294 1911 comitatus
1317 1877 1496 1911 Bononiae
1520 1880 1661 1912 fuerunt
1677 1880 1763 1913 facti
1781 1881 1875 1914 cives
1898 1882 2136 1916 bononienses.

374 1929 505 1962 Eodem
528 1939 630 1969 anno,
655 1930 698 1963 de
721 1940 837 1963 mense
860 1931 1023 1963 octobris.
1050 1950 1091 1954 —
1116 1931 1408 1974 Compromissum
1443 1933 1575 1964 facturn
1606 1933 1675 1966 fuit
1701 1933 1738 1965 in
1761 1933 1931 1967 Faventia
1955 1936 1992 1968 in
2015 1935 2136 1969 Astor-

286 1982 381 2026 gium
404 1983 448 2015 de
469 1982 665 2016 Manfredis
695 1994 758 2026 per
789 1994 935 2016 comune
958 1982 1137 2017 Bononiae
1167 1990 1202 2017 et
1234 1994 1379 2017 comune
1403 1985 1601 2018 Florentiae
1633 1987 1677 2018 de
1708 1987 1918 2029 quaestione,
1943 1999 2031 2032 quae
2060 2000 2137 2022 ver-

287 2035 423 2068 tebatur
438 2036 529 2068 inter
551 2036 627 2078 ipsa
650 2036 812 2069 comunia
835 2037 1018 2069 occasione
1041 2037 1183 2070 Valium
1206 2043 1241 2070 et
1263 2037 1488 2071 Predamalae
1511 2049 1614 2081 super
1636 2042 1787 2072 montem
1810 2039 1914 2079 Beni3
1931 2047 1966 2074 et
1981 2043 2136 2085 quaestio

287 2088 355 2120 fuit
370 2088 553 2121 terminata
569 2089 612 2128 de
627 2099 743 2122 mense
758 2089 956 2123 novembris
971 2096 1006 2123 et
1022 2097 1142 2133 postea
1158 2091 1263 2133 positi
1279 2092 1420 2124 fuerunt
1445 2092 1583 2124 termini
1607 2093 1653 2125 ad
1677 2094 1828 2126 confinia
1854 2095 1937 2127 1389
1962 2095 2006 2127 de
2021 2105 2137 2128 mense
2158 2094 2200 2128 35

286 2140 385 2183 junii.
431 2141 476 2174 Et
499 2141 545 2174 ad
567 2142 748 2185 praedicta
770 2142 839 2175 fuit
862 2143 1027 2187 syndicus
1050 2144 1206 2176 comunis
1229 2143 1408 2177 Bononiae
1431 2155 1485 2177 ser
1506 2145 1657 2188 Jacobus
1685 2147 1729 2179 de
1755 2145 1950 2180 Blanchitis
1973 2148 2136 2188 notarius,

287 2199 400 2226 custos
422 2204 577 2227 camerae
599 2200 755 2228 actorum
778 2196 935 2236 comunis
957 2195 1146 2229 Bononiae.

374 2246 505 2280 Eodem
528 2258 630 2286 anno,
647 2249 690 2280 de
705 2259 821 2281 mense
845 2249 1047 2282 decembris.
1062 2269 1103 2273 —
1115 2250 1284 2283 Dominus
1300 2251 1495 2291 Paduanus,
1512 2252 1678 2285 videlicet
1694 2253 1853 2286 dominus
1869 2252 2076 2288 Franciscus
2092 2255 2136 2288 de

289 2297 476 2341 Chararia„
489 2300 644 2344 perdidit
666 2306 791 2334 statum
823 2313 937 2340 suum;
961 2308 995 2335 et
1019 2303 1179 2336 dominus
1202 2314 1317 2336 comes
1350 2304 1527 2338 Virtutum
1563 2305 1684 2338 habuit
1707 2306 1862 2339 Paduam
1894 2312 1927 2339 et
1950 2308 2136 2341 Venetiani

287 2351 478 2385 habuerunt
494 2353 701 2392 Trivisium3
718 2359 752 2386 et
767 2355 927 2397 expulsus
942 2356 1012 2388 fuit
1027 2356 1110 2389 inde
1127 2357 1288 2389 dominus
1304 2356 1513 2390 Franciscus
1530 2359 1573 2391 de
1586 2359 1755 2391 Chararia
1766 2365 1800 2392 et
1812 2359 1902 2392 filius
1917 2371 2007 2399 suus,
2025 2361 2136 2394 domi·
2159 2362 2202 2393 40

287 2399 350 2436 nus
372 2403 578 2438 Franciscus
600 2406 734 2449 Junior,
759 2413 793 2440 et
816 2407 953 2440 iverunt
976 2408 1014 2440 in
1036 2408 1283 2442 Lombardiam
1308 2411 1353 2443 ad
1374 2410 1509 2443 dictum
1534 2412 1711 2444 dominum
1735 2413 1895 2446 comitem
1919 2413 2106 2446 Virtutum.

377 2458 772 2492 M.CCCLXXXVIIII.
800 2460 935 2493 Eodem
958 2469 1061 2501 anno,
1086 2462 1144 2495 die
1167 2472 1246 2504 XXIJ
1266 2463 1429 2507 januarii.
1455 2483 1496 2487 —
1520 2464 1658 2496 Turris'
1683 2466 1727 2498 de
1750 2466 1924 2499 Rodaldis
1946 2466 2076 2499 cecidit
2099 2466 2136 2499 in

288 2514 423 2548 terram,
448 2521 535 2554 quae
566 2517 639 2544 erat
662 2514 713 2544 ex'
727 2513 887 2555 opposito
911 2514 1090 2547 domorum
1116 2515 1159 2548 de
1182 2514 1356 2555 Blanchis,
1381 2522 1415 2549 et
1439 2510 1780 2561 destruxit'quatuor
1810 2519 1939 2558 domos,
1971 2519 2136 2552 videlicet

290 2562 374 2594 duas
390 2563 508 2596 domos
523 2564 670 2597 filiorum
685 2566 805 2598 fratris
828 2565 1008 2611 Bagai-otti
1026 2568 1070 2600 de
1086 2567 1260 2608 Blanchis,
1278 2580 1382 2602 unam
1399 2571 1543 2614 Zorgini
1561 2572 1604 2604 de
1623 2570 1746 2614 Cospis
1761 2572 1964 2604 mercatoris
1981 2578 2015 2605 et
2031 2572 2134 2605 aliam

289 2614 432 2647 Henrici
463 2617 506 2648 de
537 2616 654 2650 Ferro.
699 2618 746 2651 Et
770 2619 885 2652 dictus
907 2620 1080 2653 Zordinus
1102 2621 1186 2653 emit
1209 2627 1329 2664 postea
1352 2628 1525 2656 terrenum
1550 2629 1584 2656 et
1608 2635 1711 2667 super
1733 2634 1774 2657 eo
1797 2624 1883 2657 fecit
1906 2625 2134 2667 pulcerimum
2157 2625 2198 2658 45

290 2666 533 2702 habitaculum.

376 2720 507 2754 Eodem
522 2733 624 2762 anno,
641 2724 685 2756 de
707 2735 822 2758 mense
837 2726 975 2769 aprelis.
993 2745 1035 2750 -—
1050 2727 1206 2761 Maxima
1229 2729 1420 2762 mortalitas
1435 2730 1591 2773 incoepit
1607 2731 1644 2762 in
1667 2731 1810 2763 civitate
1833 2737 1867 2763 et
1883 2731 2050 2764 comitatu
2066 2730 2134 2764 Bo-

289 2770 424 2810 noniae,
447 2782 490 2804 ex
513 2784 580 2816 qua
603 2774 703 2807 multi
718 2780 753 2807 et
767 2776 866 2809 multi
882 2776 920 2809 in
935 2788 1060 2822 magno
1077 2789 1219 2812 numero
1243 2780 1370 2812 mortui
1393 2786 1473 2814 sunt
1495 2786 1530 2813 et
1554 2781 1693 2814 duravit
1717 2781 1829 2824 spatio
1850 2780 1932 2814 ‘octo
1954 2782 2132 2815 mensium.

379 2903 413 2928 30
430 2900 583 2925 conum...
601 2899 668 2933 fuit]
681 2903 780 2933 parole
797 2904 930 2936 aggiunte
942 2902 993 2936 pi&
1011 2905 1091 2930 tardi
