2242 3418
141 168 227 201 [ΛΑ.
250 169 430 203 issi-1362]
730 165 1053 202 MEMORIALE
1079 167 1407 205 HISTORICUM
1935 177 1982 213 65

228 296 360 329 Eodem
383 305 484 334 anno,
510 296 565 328 die
588 296 740 328 secundo
762 297 907 340 augusti.
925 315 966 319 —
982 296 1078 329 Obiit
1101 298 1400 331 reverendissimus
1417 305 1517 342 pater
1540 302 1696 334 dominus
1718 304 1892 346 Johannes
1914 307 1986 348 epi-

139 359 264 392 scopus
285 349 472 387 Bononiae,
497 349 556 392 qui
578 354 652 381 erat
676 349 719 381 de
742 349 844 382 Nasis
867 349 911 382 de
935 349 1095 382 Galerate
1118 348 1163 382 de
1184 350 1396 391 Mediolano,
1412 357 1447 384 et
1470 354 1615 387 decessit
1630 355 1665 387 in
1682 362 1794 389 castro
1810 357 1928 396 Centi3
1951 365 1987 392 et

140 402 196 435 die
219 402 374 446 sequenti
397 402 464 434 fuit
485 406 660 444 portatum
683 411 809 444 corpus
831 402 905 446 ejus
927 402 1117 435 Bononiam
1140 407 1175 436 et
1189 403 1258 436 alia
1275 404 1331 436 die
1347 405 1515 447 sepultum
1530 417 1638 449 prope
1653 415 1787 450 portam
1812 411 1984 444 sacristiae

139 455 258 488 Sancti
280 455 375 487 Petri
398 455 590 493 Bononiae;
614 464 677 497 per
700 456 774 499 ejus
797 460 942 487 mortem
965 455 1032 488 fuit
1054 455 1183 489 electus
1205 457 1387 499 episcopus
1402 458 1580 491 Bononiae
1597 461 1754 494 dominus
1769 461 1984 506 Aymericus,

95 506 114 540 5
138 508 368 541 thesaurarius
389 508 567 547 ecclesiae,
591 508 648 551 qui
672 513 747 540 erat
769 508 871 540 homo
894 508 996 541 valde
1017 509 1165 552 pinguis.

224 560 357 593 Eodem
369 570 471 600 anno,
485 562 541 593 die
555 570 613 602 111J
625 560 829 594 novembris.
844 579 885 584 -—
898 561 994 594 Obiit
1006 562 1206 605 magnificus
1218 562 1386 602 dominus,
1400 564 1557 597 dominus
1569 565 1851 601 Aldrovandinus
1862 569 1985 602 Esten-

137 613 192 653 sis,
226 613 380 646 marchio
404 615 582 647 Ferrariae
605 619 682 652 etc.‚
706 618 740 646 et
764 613 858 646 dicta
881 614 924 646 de
947 613 1066 646 causa'
1089 613 1225 647 iverunt
1240 614 1489 649 ambaxiatores
1520 618 1563 650 de
1593 619 1748 652 Bononia
1779 622 1980 662 Ferrariam,

137 666 314 700 videlicet:
339 667 497 700 dominus
519 667 681 700 Tadaeus
704 667 748 700 de
770 665 962 710 Acoguidis
984 667 1080 699 miles
1103 672 1138 700 et
1162 668 1320 701 dominus
1342 669 1548 703 Laurentius
1572 671 1616 704 de
1638 671 1738 712 Pinu,
1763 674 1979 708 decretorum

15 751 26 762 „
137 718 270 759 doctor,
294 720 443 753 vicarius
465 720 628 763 episcopi.
846 760 850 763 χ

7 797 17 810 «Ἴ
74 772 113 805 10
223 771 289 805 Die
310 783 393 806 vero
415 783 441 805 v
464 773 550 806 dicti
572 771 706 806 mensis.
732 791 773 796 —
796 772 960 816 Treugua
982 773 1196 815 proclamata
1220 774 1288 807 fuit
1313 774 1403 808 inter
1426 776 1617 809 Ecclesiam
1640 782 1675 810 et
1698 778 1873 812 dominum
1897 781 1980 814 Ber-

136 824 304 858 nabovem
327 836 391 868 pro
415 836 465 858 xx
489 825 625 864 diebus3
649 831 684 858 et
708 825 763 858 die
786 835 836 857 xv
860 826 946 858 dicti
968 826 1103 865 mensis,
1127 837 1197 869 pax
1211 826 1301 860 inter
1323 838 1381 860 eos
1404 828 1471 861 fuit
1493 829 1668 871 publicata
1683 837 1717 863 et
1740 832 1878 874 publice
1900 843 1981 876 pro-

134 878 293 911 clamata.
340 878 411 912 Sed
434 880 592 912 dominus
615 877 791 910 Bernabos
814 878 924 910 noluit
947 879 1056 921 ipsam
1079 889 1200 921 pacem
1224 879 1352 913 habere
1375 886 1495 914 ratam.

221 931 354 964 Eodem
376 941 468 964 anno
483 937 519 964 et
532 941 658 964 mense.
676 949 717 954 —
733 931 831 963 Mille
854 931 995 964 ducenti
1006 932 1138 974 equites
1150 932 1193 964 de
1204 932 1363 976 gentibus
1378 934 1508 967 domini
1522 935 1714 969 Bernabovi
1731 939 1913 972 veniebant
1929 940 1972 972 de

132 984 344 1018 Lombardia
358 991 393 1018 et
408 983 570 1018 volebant
585 984 730 1017 transire
740 984 1011 1017 ‘Romandjolam
1023 990 1058 1017 et
1074 985 1155 1017 dum
1169 986 1354 1019 transirent
1367 997 1477 1029 prope
1491 993 1631 1030 pontem
1643 990 1769 1029 Rheni,
1786 1002 1903 1024 rumor
1916 993 1983 1025 fuit

73 1035 110 1069 15
134 1037 288 1070 elevatus
308 1043 430 1070 contra
452 1047 511 1070 eos
532 1043 568 1070 et
589 1037 724 1080 pulsata
739 1037 806 1070 fuit
821 1047 991 1079 campana
1014 1037 1159 1070 militum
1182 1038 1218 1070 in
1242 1039 1407 1072 Bononia.
1454 1040 1507 1072 Ex
1538 1051 1606 1083 quo
1636 1043 1783 1084 populus
1804 1044 1981 1078 Bononiae

133 1091 238 1123 traxit
260 1092 306 1123 ad
329 1102 424 1123 arma
446 1096 482 1123 et
507 1100 614 1134 usque
644 1091 691 1122 ad
720 1095 860 1132 pontem
893 1090 1103 1123 Cortesellae
1135 1091 1263 1123 dictam
1294 1097 1431 1135 gentem
1461 1093 1574 1126 extitit
1603 1100 1809 1136 persecutus.
1856 1096 1981 1130 Postea

133 1143 214 1176 inde
225 1144 358 1187 equites
373 1143 549 1176 Ecclesiae
563 1148 599 1176 et
614 1144 772 1176 dominus
788 1143 974 1182 Gometius,
991 1148 1107 1176 rector
1129 1143 1315 1183 Bononiae,
1339 1149 1374 1176 et
1398 1145 1556 1178 dominus
1579 1146 1740 1179 Tadaeus
1763 1149 1807 1180 de
1828 1147 1981 1193 Acogui-

133 1196 196 1236 dis,
210 1206 351 1230 numero
363 1198 481 1229 forsan
493 1197 649 1235 trecenti,
662 1196 754 1238 ipsos
765 1196 1016 1228 insultaverunt
1028 1196 1063 1228 in
1076 1201 1169 1228 terra
1182 1196 1365 1229 Garnaroli
1381 1197 1563 1230 comitatus
1578 1198 1796 1232 bononiensis
1811 1206 1845 1233 et
1861 1211 1978 1234 omnes

133 1250 362 1294 confligerunt
384 1250 496 1282 noctis
518 1255 672 1292 tempore
695 1259 773 1282 cum
797 1249 943 1281 maxima
966 1249 1117 1291 ipsorum
1140 1249 1359 1287 verecundia,
1383 1249 1464 1292 quia
1488 1250 1544 1282 die
1566 1252 1721 1293 sequenti
1745 1253 1788 1284 de
1811 1263 1911 1286 mane
1941 1265 1977 1286 se

16 1337 17 1340 ,
67 1303 110 1335 20
133 1302 295 1336 viderunt
317 1313 435 1336 omnes
456 1308 578 1345 captos
599 1303 647 1335 ita
670 1301 794 1341 viliter,
817 1302 1015 1346 ignorantes
1039 1302 1212 1344 quomodo
1234 1306 1270 1334 et
1300 1302 1447 1345 qualiter
1469 1308 1504 1335 et
1526 1313 1547 1334 a
1570 1309 1639 1335 tam
1663 1305 1800 1337 modica
1815 1304 1960 1350 brigata.

220 1356 353 1389 Eodem
376 1364 479 1388 anno.
504 1374 546 1378 ——
568 1355 736 1388 Dominus
757 1354 910 1386 Thomas
933 1354 977 1386 de
1001 1354 1144 1396 Spoleto
1167 1353 1234 1390 fuit
1256 1358 1408 1396 potestas
1430 1354 1606 1395 Bononiae
1629 1365 1693 1398 pro
1715 1367 1775 1388 sex
1799 1358 1979 1391 mensibus.
2017 1379 2022 1384 -

220 1409 353 1442 Eodem
376 1418 468 1441 anno
495 1409 589 1441 1361.
613 1427 654 1431 —
679 1407 831 1447 Quidam
854 1407 1023 1449 presbiter
1047 1411 1191 1438 vocatus
1218 1407 1364 1438 domnus
1385 1405 1558 1440 Antonius
1581 1409 1624 1440 de
1647 1409 1873 1448 Griffonibus,
1897 1411 1982 1443 civis

130 1461 360 1500 bononiensis,
376 1462 435 1505 qui
450 1467 533 1494 tunc
549 1466 623 1494 erat
639 1461 790 1494 decanus
805 1459 970 1492 ecclesiae
986 1459 1098 1491 sancti
1113 1458 1295 1491 Michaelis
1312 1459 1356 1491 de
1370 1459 1559 1502 Leproseto
1575 1460 1610 1492 in
1626 1466 1733 1494 strata
1748 1462 1886 1506 Maiori,
1902 1463 1982 1506 quia

131 1515 225 1548 dicta
247 1515 394 1548 ecclesia
416 1520 491 1547 erat
512 1515 549 1546 in
571 1514 674 1546 modo
696 1513 799 1545 valde
821 1512 924 1555 turpi,
947 1512 1033 1544 fecit
1047 1512 1157 1554 ipsam
1173 1511 1326 1544 totaliter
1347 1512 1476 1544 destrui
1491 1518 1526 1545 et
1545 1514 1654 1555 ipsam
1678 1515 1857 1547 ecclesiam
1873 1521 1980 1549 totam

11 1564 13 1566 “
73 1566 114 1600 25
131 1568 226 1601 refici
248 1568 333 1601 fecit
356 1568 400 1600 de
422 1577 524 1606 novo,
547 1565 706 1599 omnibus
726 1565 795 1598 suris
816 1564 966 1608 propriis
988 1564 1156 1607 expensis,
1181 1565 1225 1597 de
1247 1564 1474 1597 fundamento
1503 1576 1612 1609 usque
1641 1567 1688 1599 ad
1717 1571 1856 1607 tectum,
1887 1569 1981 1602 salvo

132 1622 227 1665 quod
249 1621 389 1666 quidam
413 1621 457 1654 de
478 1618 720 1663 Papaconibus
742 1618 828 1651 fecit
850 1618 932 1660 poni
955 1627 1061 1650 unum
1092 1617 1241 1660 lapidem
1271 1627 1498 1651 marmoreum
1521 1619 1557 1651 in
1581 1620 1695 1653 medio
1725 1626 1846 1654 trunae
1876 1632 1980 1665 supra

131 1675 239 1708 altare
261 1684 340 1708 cum
363 1674 472 1718 figura
493 1673 641 1716 sculpita
662 1672 774 1705 sancti
804 1671 978 1709 Micaelis3
1001 1676 1037 1703 et
1061 1671 1105 1703 de
1127 1671 1195 1703 hoc
1226 1671 1340 1704 dictus
1363 1671 1515 1704 decanus
1536 1673 1603 1706 fuit
1625 1673 1669 1706 ab
1693 1674 1850 1707 omnibus
1880 1676 1981 1709 valde

130 1728 363 1760 comendatus.

16 1820 18 1822 v
164 1797 168 1801 -
216 1776 481 1813 M.CGCLX11.'
495 1779 630 1812 Eodem
653 1788 756 1818 anno,
781 1777 837 1811 die
860 1787 925 1819 xxj
946 1777 1040 1821 maji.
1065 1796 1107 1801 —
1131 1776 1319 1810 Consilium
1342 1778 1463 1821 populi
1486 1778 1704 1812 bononiensis
1727 1786 1972 1825 congregatum

11 1850 17 1877 g
63 1834 106 1866 30
129 1834 206 1872 fuit,
222 1833 259 1866 in
281 1842 350 1877 quo
363 1831 593 1865 interfuerunt
608 1831 858 1864 ambaxiatores
873 1831 1080 1863 marchionis
1096 1830 1284 1869 Ferrariae,
1302 1831 1517 1864 dominorum
1534 1832 1578 1864 de
1593 1833 1627 1865 la
1643 1831 1745 1865 Scala
1769 1834 1812 1866 de
1839 1835 1980 1868 Verona

129 1892 163 1919 et
186 1885 316 1919 domini
338 1885 515 1919 Francisci
542 1885 587 1918 de
610 1883 763 1924 Cararia,
788 1884 919 1918 domini
941 1883 1091 1916 civitatis
1106 1883 1265 1921 Pac1uae3
1289 1888 1325 1916 et
1347 1883 1481 1927 inipso
1497 1885 1642 1917 consilio
1665 1886 1822 1919 dominus
1844 1886 1980 1932 Argen-

128 1939 230 1979 tinus,
253 1938 466 1972 ambaxiator
488 1937 618 1971 domini
641 1937 804 1980 paduani,
827 1937 1018 1980 publicavit
1041 1937 1145 1981 ligam
1169 1937 1299 1969 factam
1321 1936 1412 1969 inter
1434 1937 1528 1980 ipsos
1552 1938 1708 1971 dominos
1730 1944 1764 1971 et
1787 1940 1977 1973 Ecclesiam

128 2002 314 2025 romanam.
359 1992 413 2026 De
445 2000 513 2034 quo
547 1991 615 2023 fuit
644 2000 770 2035 magna
801 1991 932 2023 laetitia
962 1990 1121 2023 omnibus
1151 1989 1285 2022 civibus
1315 1989 1503 2023 Bononiae.
1543 1991 1588 2023 Et
1619 1991 1850 2025 incontinenti
1882 1994 1977 2026 dicta

128 2045 200 2090 liga
221 2045 314 2078 misit
335 2050 455 2089 gentes
477 2054 555 2077 suas
576 2044 623 2077 ad
645 2044 843 2084 vetandum‚
867 2054 911 2076 ne
934 2043 1092 2076 dominus
1114 2042 1292 2076 Bernabos
1315 2044 1466 2076 mitteret
1481 2044 1527 2076 ad
1542 2044 1757 2077 fulciendum
1774 2045 1978 2079 victualibus

12 2096 17 2110 ³
61 2097 103 2130 35
127 2104 241 2132 castra
256 2109 317 2132 sua
331 2097 396 2132 sita
409 2098 446 2130 in
461 2097 626 2130 comitatu
639 2097 826 2136 Bononiae,
843 2107 931 2141 quae
946 2097 1021 2140 ipse
1036 2097 1160 2130 fulcire
1183 2098 1323 2132 volebat
1339 2107 1417 2129 cum
1431 2107 1490 2129 MM
1503 2097 1684 2141 equitibus,
1708 2108 1852 2141 quorum
1875 2106 1980 2141 caput

127 2157 202 2184 erat
225 2152 383 2192 dominus
405 2149 600 2184 Anichinus
622 2151 666 2184 de
687 2150 930 2194 Mongardino.
976 2151 1023 2183 Et
1037 2156 1120 2183 tunc
1146 2151 1304 2183 dominus
1328 2151 1493 2184 Nicolaus
1515 2151 1668 2184 marchio
1692 2151 1872 2184 Fen-ariae
1896 2162 1979 2185 con-

127 2204 286 2238 cordavit
307 2214 345 2238 se
367 2202 446 2237 cum
461 2204 622 2237 Ecclesia
637 2209 672 2236 et
695 2203 817 2236 habuit
839 2214 861 2236 a
883 2203 1026 2236 domino
1051 2203 1222 2237 cardinali
1245 2204 1283 2236 in
1306 2204 1449 2237 feudum
1472 2209 1586 2237 castra
1615 2204 1748 2248 Bacani
1778 2210 1813 2237 et
1835 2205 1979 2238 Nonan-

126 2258 230 2297 tulae‚
261 2267 350 2302 quae
379 2262 479 2290 erant
508 2257 665 2290 comunis
694 2256 884 2296 Bononiae,
907 2255 952 2289 de
975 2267 1043 2300 quo
1066 2257 1151 2290 boni
1174 2262 1209 2290 et
1231 2257 1305 2289 veri
1329 2257 1424 2290 cives
1447 2257 1601 2290 civitatis
1630 2257 1808 2290 Bononiae
1838 2258 1979 2292 fuerunt

1 2342 11 2358 s
126 2311 215 2344 male
238 2311 404 2345 contenti.

0 2359 10 2407 ᾗ
61 2364 103 2396 40
215 2364 347 2398 Eodem
369 2373 472 2396 anno.
497 2382 539 2387 -—
562 2362 731 2397 Dominus
752 2364 892 2407 Zappus
915 2364 959 2396 de
982 2363 1111 2407 Zappis
1135 2363 1179 2396 de
1202 2363 1336 2396 Narnia
1359 2363 1429 2396 fuit
1450 2368 1602 2406 potestas
1630 2363 1809 2396 Bononiae
1838 2370 1873 2397 et
1896 2364 1978 2408 quia

3 2414 6 2415 ⁷
125 2416 228 2450 valde
250 2415 435 2460 culpabilis
458 2416 538 2456 fuit,
561 2417 599 2448 in
621 2426 682 2450 suo
705 2417 878 2450 sindicatu
893 2416 1034 2459 [extitit]
1057 2422 1253 2450 carceratus
1276 2422 1311 2449 et
1333 2417 1536 2459 detemptus.
1583 2417 1628 2449 Et
1651 2417 1811 2449 similiter
1832 2417 1901 2450 fuit
1916 2417 1978 2449 do-

125 2469 239 2502 minus
260 2467 447 2503 Adoardus
469 2469 514 2502 de
535 2468 662 2510 Asinio,
686 2470 837 2503 vicarius
859 2470 993 2503 domini
1023 2470 1140 2514 legati,
1163 2475 1307 2513 propter
1335 2470 1410 2514 ejus
1441 2469 1607 2502 demerita
1630 2470 1697 2502 fuit
1719 2470 1757 2502 in
1781 2469 1978 2503 carceribus

124 2522 352 2564 mancipatus,
375 2521 436 2554 ubi
459 2522 546 2555 tecit
568 2532 671 2556 unam
694 2523 914 2562 cantilenam,
938 2533 1027 2567 quae
1048 2523 1194 2566 incipit:

213 2668 295 2694 22-28
313 2669 416 2703 ἕνεκα
434 2669 533 2694 notaria
551 2677 598 2694 era
615 2672 689 2695 stata
706 2670 802 2695 scritta
815 2670 910 2695 dall’a.
923 2671 982 2695 alla
994 2679 1015 2696 c.
1028 2675 1083 2701 115
1095 2671 1111 2695 b
1121 2674 1189 2696 sotto
1201 2671 1290 2696 Panno
1303 2671 1369 2703 136⁶
1381 2671 1454 2695 nella
1459 2671 1556 2704 forma
1570 2673 1710 2703 seguente:
1730 2669 1836 2695 Eodem
1854 2677 1977 2695 anno.—

125 2711 246 2736 Ecclesia
255 2712 343 2736 sancti
354 2711 499 2736 Michaelis
509 2711 542 2736 de
552 2711 708 2744 Leproseto
722 2712 751 2736 in
764 2713 853 2737 strata
865 2712 977 2743 Maiori,
987 2719 1059 2746 quae
1068 2714 1130 2738 erat
1140 2714 1201 2738 tota
1211 2714 1351 2738 destructa
1362 2714 1390 2737 et
1399 2713 1498 2745 turpis,
1509 2712 1565 2737 fuit
1574 2713 1634 2737 tota
1646 2711 1749 2736 refecta
1759 2713 1787 2736 et
1800 2711 1978 2736 reaedificata

129 2753 163 2777 de
182 2760 257 2778 novo
276 2760 294 2778 a
311 2752 496 2778 fundamento
514 2760 601 2786 usque
619 2754 655 2778 ad
672 2754 778 2778 tectum
797 2755 825 2778 et
842 2755 999 2787 campanile
1017 2761 1123 2779 novum
1142 2756 1171 2780 et
1189 2756 1287 2780 omnia
1298 2762 1349 2788 per
1362 2755 1511 2787 quemdam
1525 2754 1712 2787 presbiterum
1727 2754 1760 2778 de
1776 2753 1859 2778 domo
1874 2753 1977 2779 Grifl‘o-

125 2801 226 2820 norum
246 2795 280 2820 de
298 2795 443 2825 Bononia3
461 2796 511 2828 qui
534 2795 591 2820 fuit
613 2795 734 2820 decanus
752 2796 840 2828 {palus
864 2796 995 2821 ecclesiae
1020 2797 1050 2822 et
1076 2797 1230 2822 vocabatur
1255 2798 1376 2822 domnus
1400 2797 1544 2821 Antonius
1569 2796 1603 2821 de
1631 2795 1812 2827 Griffonibus,
1838 2796 1887 2828 qui
1907 2795 1976 2820 feest

77 2839 91 2868 5
122 2837 190 2862 illud
208 2837 314 2862 bonum
332 2837 366 2862 de
384 2844 435 2862 suo
454 2838 571 2870 proprio
590 2838 624 2862 de
643 2838 726 2862 bonis
743 2839 786 2862 sui
806 2839 973 2870 patrimonii
992 2839 1042 2871 qui
1061 2838 1182 2864 domnus
1200 2840 1344 2864 Antonius
1363 2839 1443 2864 stetit
1461 2839 1550 2863 donec
1563 2839 1635 2863 vixit
1654 2838 1689 2862 ad
1709 2838 1812 2862 dictam
1832 2837 1975 2862 ecclesiam

121 2879 170 2904 ubi
188 2880 286 2911 postea
303 2879 421 2904 decessit
438 2880 467 2903 et
484 2879 526 2904 ibi
543 2879 667 2911 sepultus
685 2878 747 2904 fuit.
784 2880 839 2904 Poi
848 2880 887 2914 fu
905 2881 1055 2905 cancellata
1069 2888 1082 2904 e
1095 2888 1112 2904 a
1119 2879 1169 2912 pi&
1188 2881 1218 2905 di
1229 2889 1285 2905 essa
1305 2881 1351 2906 l'a.
1369 2889 1399 2905 ne
1412 2881 1446 2905 ba
1459 2881 1608 2912 registrata
1621 2881 1650 2904 la
1663 2880 1789 2911 ragione.-
1807 2879 1883 2904 Nota
1901 2879 1976 2911 quod

122 2921 178 2946 ista
195 2920 250 2946 fuit
266 2921 417 2946 cancellata
434 2921 501 2953 quia
517 2921 623 2953 sci-lpta
639 2920 696 2946 fuit
712 2929 764 2954 per
781 2929 906 2946 errorem
925 2923 954 2946 et
973 2922 1055 2947 debet
1068 2923 1138 2954 poni
1158 2924 1188 2948 in
1207 2930 1283 2948 anno
1300 2921 1365 2955 1361
1384 2935 1417 2941 —
1431 2929 1464 2955 41
1483 2921 1587 2955 extitit]
1600 2930 1692 2948 manca
1705 2921 1920 2955 nell'autograso

323 3045 355 3070 T.
377 3043 480 3078 XVIII,
501 3052 529 3078 p.
549 3051 572 3069 11
591 3058 625 3063 —
646 3049 682 3077 5..

2060 635 2137 660 Μυκη
2154 636 2192 657 178
