2242 3418
109 525 127 558 5

88 792 128 824 10

86 1053 123 1086 15

82 1317 125 1348 20

80 1577 122 1612 25

81 1841 124 1872 30

81 2104 124 2137 35

6 2351 17 2425 Ἰ,ἱ
66 2371 126 2442 ‘4⁰

84 2630 125 2664 45

154 187 208 226 [Α.
227 188 318 225 1399]
736 181 1058 222 MEMORIALE
1085 178 1415 222 HISTORICUM
1947 180 1994 220 89

153 321 306 358 tempore
324 315 435 348 noctis
451 315 612 349 transivit
627 326 705 348 cum
722 315 792 348 suis
807 315 968 360 gentibus
983 326 1047 358 per
1062 315 1262 348 comitatum
1280 314 1457 347 Bononiae
1472 321 1507 348 et
1522 315 1730 348 robaverunt
1746 315 1947 348 comitatum
1963 320 1998 347 et

153 368 369 401 violaverunt
391 369 515 401 multas
539 369 695 402 dominas
710 369 842 402 civium
864 369 1049 402 existentes
1071 369 1108 401 in
1131 379 1210 401 rure
1233 374 1268 401 et
1291 374 1510 401 accesserunt
1525 369 1571 401 ad
1587 375 1737 401 castrum
1760 368 1934 412 Vignolae
1955 369 1999 400 de

152 421 381 454 Grassonibus
404 422 441 453 in
465 422 632 455 comitatu
654 422 822 462 Mutinae,
847 423 941 465 quod
957 427 1106 455 castrum
1123 427 1206 454 tunc
1222 421 1362 454 tenebat
1379 422 1493 454 dictus
1510 421 1669 454 dominus
1685 432 1808 454 comes.
1855 421 1900 454 Et
1916 422 1997 454 dum

153 474 268 507 dictus
291 483 405 507 comes
428 485 507 507 cum
529 475 691 519 gentibus
714 475 784 508 suis
806 481 918 508 essent
940 474 1114 518 acampati
1146 474 1195 507 ibi
1226 475 1273 507 ad
1303 474 1514 518 Vignolam,·
1532 480 1614 507 tunc
1646 485 1792 507 comune
1822 473 1999 507 Bononiae

151 527 246 560 misit
267 533 387 571 gentes
409 538 488 560 suas
504 528 555 560 ibi
578 534 613 561 et
636 529 842 560 invenerunt
865 527 958 571 ipsos
981 528 1142 560 comitem
1165 533 1199 559 et
1223 537 1301 560 suos
1324 527 1534 560 dormientes
1557 533 1590 560 et
1614 528 1776 560 fatientes
1798 528 1922 560 malam
1938 538 1999 560 cu-

151 580 316 619 stodiam3
335 586 375 613 *et
399 581 551 614 breviter
573 581 641 624 ipsi
664 583 805 614 fuerunt
828 581 923 623 capti
947 587 981 614 et
1006 580 1103 614 ducti
1127 580 1330 614 Bononiam.
1378 581 1458 620 Qua
1482 581 1525 613 de
1549 591 1653 613 causa
1683 581 1824 624 quidam
1855 587 1998 613 vocatus

151 632 312 671 Cosilice‚
345 634 455 666 affinis
486 635 595 677 ipsius
626 635 773 674 comitis,
805 635 874 667 fuit
905 634 1123 677 decapitatus
1153 634 1190 665 in
1221 634 1336 676 platea
1367 634 1524 667 comunis
1554 632 1749 672 Bononiae;
1775 634 1889 667 dictus
1916 644 1998 666 vero

150 695 265 718 comes
287 686 464 729 Johannes
487 693 521 721 et
544 699 631 721 unus
655 699 735 720 suus
757 688 848 720 filius
871 693 905 720 et
930 698 1044 720 comes
1067 687 1270 720 Ludovicus
1292 688 1434 720 fuerunt
1464 687 1570 729 positi
1602 687 1640 719 in
1663 687 1751 719 turri
1783 687 1850 719 orti
1875 687 1999 730 palatii

149 739 379 779 antianorum‚
411 740 449 772 in
473 752 541 784 qua
564 741 651 773 turn‘
676 741 790 774 dictus
813 741 903 773 filius
927 740 1014 773 dicti
1039 740 1177 773 comitis
1200 740 1289 773 obiit
1313 746 1422 772 morte
1445 740 1606 772 naturali.
1653 739 1788 779 Postea,
1814 741 1871 773 die
1895 750 1999 781 xwa

151 791 364 834 septembris,
390 793 505 826 dictus
527 804 642 826 comes
657 795 843 838 Johannes,
867 804 982 826 comes
1003 793 1165 836 Lipatius
1188 793 1261 837 ejus
1284 803 1399 836 nepos,
1424 803 1539 826 comes
1562 792 1779 837 Bandecatus
1802 793 1875 837 ejus
1890 793 2000 825 affinis

149 850 184 877 et
211 845 353 888 quidam
376 856 494 879 eorum
518 847 702 880 familiaris
725 853 867 880 vocatus
890 846 1104 891 Bologninus
1127 848 1267 879 fuerunt
1290 857 1408 879 omnes
1432 847 1621 889 decapitati
1645 846 1682 877 in
1705 847 1820 888 platea
1844 846 1999 879 comunis

150 896 338 932 Bononiae.
385 899 527 932 Utinam
539 901 606 933 hoc
623 911 692 933 non
708 900 840 939 fuisset,
858 900 938 943 quia
955 900 1082 933 bonum
1099 900 1220 932 fuisset
1236 910 1299 942 pro
1315 898 1484 939 Bononia,
1500 900 1583 941 licet
1600 899 1667 942 ipsi
1683 899 1770 932 bene
1787 900 1999 932 meruissent.

151 950 222 983 Sed
244 961 309 995 ego
331 952 515 986 Mathaeus
538 954 582 986 de
605 953 824 986 Griffonibus
847 953 1017 997 regratior
1032 953 1117 992 Deo,
1135 954 1230 996 quod
1247 953 1290 986 de
1305 953 1372 985 hoc
1396 953 1507 985 nichil
1531 953 1632 991 sensi,
1657 953 1739 996 quia
1762 963 1855 986 eram
1878 952 2001 986 absens

149 1014 170 1036 a
193 1002 351 1037 Bononia
374 1011 517 1048 propter
538 1007 783 1039 mortalitatem
807 1006 858 1038 ibi
881 1011 1059 1039 estantem.

237 1055 369 1088 Eodem
383 1056 574 1096 millesimo,
589 1057 632 1090 de
643 1068 758 1089 mense
770 1057 917 1100 augusti.
936 1076 977 1081 --
994 1057 1188 1100 Episcopus
1203 1057 1362 1090 Mutinae
1378 1067 1456 1089 cum
1472 1057 1601 1100 populo
1624 1057 1820 1095 mutinensi,
1837 1057 1999 1090 masculis

148 1113 183 1140 et
206 1108 378 1148 foeminis,
402 1109 463 1153 qui
486 1109 642 1143 fuerunt'
666 1110 761 1142 circa
785 1113 882 1142 xxv¹¹³
902 1120 1136 1152 personarum,
1152 1115 1319 1142 venerunt
1342 1110 1459 1142 vestiti
1476 1110 1520 1142 de
1543 1109 1622 1142 albo
1646 1110 1683 1141 in
1700 1110 1867 1143 comitatu
1885 1109 1998 1143 Bono-

148 1160 226 1193 niae
249 1167 284 1194 et
307 1172 343 1193 se
367 1169 614 1205 campaverunt
636 1163 756 1196 subtus
777 1170 918 1206 pontem
944 1164 988 1196 de
1011 1163 1113 1196 Reno
1129 1169 1163 1195 et
1187 1163 1238 1196 ibi
1261 1169 1383 1206 parata
1406 1163 1547 1195 fuerunt
1572 1163 1640 1196 duo
1665 1164 1806 1202 altaria3
1830 1169 1864 1195 et
1882 1164 1999 1196 dictus

148 1213 331 1257 episcopus
356 1215 445 1248 dixit
468 1215 519 1248 ibi
542 1216 680 1249 missam
703 1222 737 1250 et
760 1216 1000 1259 praedicatum
1023 1216 1093 1249 fuit
1116 1216 1166 1249 ibi
1183 1217 1388 1249 miraculum
1412 1217 1456 1248 de
1478 1216 1554 1249 istis
1576 1216 1792 1249 vestimentis
1817 1217 1907 1249 albis
1938 1228 2000 1259 per

147 1271 255 1299 totam
279 1268 568 1301 christianitatem
593 1269 707 1302 factis.
754 1269 799 1301 Et
824 1269 957 1302 domini
979 1269 1113 1302 antiani
1137 1270 1296 1302 fecerunt
1319 1269 1422 1301 valde
1445 1268 1534 1302 bene
1557 1269 1674 1311 parari
1698 1270 1879 1302 comedere
1904 1270 2000 1303 dicto

148 1315 313 1360 episcopo
336 1324 370 1350 et
394 1319 512 1351 multis
534 1320 614 1351 aliis
637 1320 773 1353 civibus
796 1320 955 1352 Mutinae
978 1325 1012 1352 et
1035 1325 1154 1362 postea
1178 1326 1402 1352 recesserunt.

236 1368 302 1400 Die
325 1375 439 1402 autem
463 1380 501 1411 VJ
522 1370 737 1413 septembris.
754 1389 796 1394 —
812 1371 923 1403 Totus
941 1371 1090 1413 populus
1113 1370 1346 1409 bononiensis,
1370 1376 1440 1402 tam
1465 1371 1610 1403 masculi
1635 1382 1738 1414 quam
1763 1371 1947 1410 foeminae,
1966 1382 2001 1404 se

147 1421 359 1454 vestiverunt
383 1423 426 1455 de
449 1423 528 1455 albo
551 1429 586 1456 et
609 1423 747 1456 iverunt
770 1434 893 1456 novem
918 1423 1040 1456 diebus
1063 1434 1127 1466 per
1153 1423 1341 1462 civitatem,
1364 1434 1428 1466 per
1449 1424 1632 1462 ecclesias;
1657 1430 1692 1456 et
1718 1425 1818 1456 multi
1842 1425 2001 1457 fecerunt

146 1484 268 1516 pacem
291 1475 338 1507 ad
360 1475 528 1514 invicem3
553 1476 701 1519 quilibet
723 1483 838 1509 tamen
854 1476 927 1509 ibat
943 1476 1109 1509 cumillis
1133 1477 1176 1509 de
1193 1486 1254 1509 suo
1275 1477 1462 1519 quarterio.
1508 1477 1554 1510 Et
1576 1477 1698 1510 eodem
1721 1488 1836 1510 mense
1859 1478 2001 1521 quidam

146 1527 318 1569 presbiter
348 1529 392 1561 de
421 1528 598 1568 Paderno,
631 1530 691 1573 qui
723 1535 863 1562 steterat
892 1535 1046 1562 mortuus
1076 1529 1188 1562 tribus
1218 1530 1331 1568 horis,
1362 1530 1560 1563 resusitavit
1591 1536 1626 1563 et
1657 1531 1874 1574 praedicavit
1908 1531 2001 1564 istud

146 1580 368 1620 miraculum3
392 1587 427 1614 et
452 1582 509 1614 die
532 1592 596 1623 va
620 1583 707 1615 dicti
730 1583 867 1622 mensis,
891 1583 990 1626 quasi
1014 1589 1106 1615 totus
1128 1583 1277 1625 populus
1306 1583 1486 1616 Bononiae
1509 1584 1652 1617 indutus
1684 1585 1728 1616 de
1759 1584 1840 1616 albo
1863 1584 2000 1616 iverunt

148 1633 291 1666 Imolam
313 1640 347 1666 et
371 1645 407 1667 se
430 1642 677 1678 campaverunt
700 1646 803 1678 super
824 1635 977 1669 Renatio
1001 1647 1104 1678 supra
1128 1642 1269 1668 stratam
1300 1642 1335 1668 et
1365 1637 1462 1669 facta
1477 1638 1618 1669 fuerunt
1641 1637 1692 1670 ibi
1725 1638 1793 1670 duo
1820 1638 1944 1670 altaria
1967 1644 2002 1670 et

146 1685 329 1728 episcopus
350 1687 529 1720 Bononiae
553 1688 643 1721 dixit
666 1688 716 1721 ibi
740 1689 894 1727 missam3
919 1694 954 1721 et
978 1689 1093 1722 dictus
1115 1689 1285 1732 presbiter
1307 1690 1351 1722 de
1374 1689 1534 1722 Paderno
1558 1691 1777 1733 praedicavit
1801 1690 1851 1723 ibi
1868 1691 2000 1724 dictum

146 1736 350 1770 miraculum
375 1740 548 1782 quomodo
571 1739 682 1784 Virgo
705 1740 821 1772 Maria
844 1740 957 1783 ipsum
980 1740 1209 1779 resuscitavit,
1233 1746 1299 1773 etc.

236 1788 369 1822 Eodem
391 1800 495 1830 anno,
517 1791 556 1822 in
578 1791 646 1823 fine
668 1791 831 1824 octobris.
857 1810 898 1815 —-
921 1792 1013 1824 Dum
1041 1792 1201 1824 dominus
1230 1792 1401 1825 Charolus
1431 1793 1474 1825 de
1504 1793 1749 1832 Zambecariis,
1780 1793 1930 1837 Jacobus
1953 1794 1997 1827 de

147 1840 366 1875 Griffonibus
388 1848 423 1875 et
447 1843 586 1888 Oppico
610 1844 654 1877 de
675 1844 849 1889 Liacariis
878 1851 1022 1887 propter
1051 1845 1296 1877 mortalitatem
1320 1851 1432 1878 essent
1466 1846 1604 1885 mortui,
1628 1846 1785 1879 videntes
1815 1847 1915 1880 multi
1945 1858 2001 1880 ar-

148 1893 258 1926 tifices
281 1896 375 1938 quod
397 1901 506 1929 status
529 1907 598 1929 non
621 1903 695 1930 erat
717 1899 796 1940 plus
818 1898 935 1930 firmus
957 1904 992 1930 et
1016 1898 1111 1941 quod
1126 1898 1281 1930 faciliter
1304 1905 1530 1941 rumperetur,
1548 1900 1707 1931 fecerunt
1723 1899 1873 1932 invicem
1897 1911 2000 1933 unam

147 1953 313 1980 armatam
336 1958 415 1981 cum
439 1949 690 1983 deliberatione
713 1956 748 1983 et
772 1951 919 1984 consilio
944 1951 1077 1984 domini
1101 1951 1248 1994 Ugolini
1272 1952 1316 1983 de
1341 1952 1500 1994 Scappis,
1525 1952 1586 1995 qui
1609 1953 1722 1994 primo
1746 1958 1820 1985 erat
1837 1954 1880 1986 de
1901 1959 2000 1996 parte

147 2000 280 2032 domini
297 2001 439 2034 Charoli
455 2008 489 2034 et
504 2003 651 2035 aliorum
667 2014 815 2037 suorum.
862 2004 907 2037 Et
923 2010 1091 2036 venerunt
1107 2004 1145 2036 in
1161 2004 1311 2046 plateam
1327 2005 1517 2037 cridando:
1531 2024 1573 2028 ——
1588 2005 1680 2038 Viva
1697 2005 1719 2037 ’l
1734 2006 1879 2048 povolol
1898 2026 1939 2030 —
1956 2007 2001 2040 Et

148 2052 262 2085 subito
286 2048 517 2097 deposuerunt
540 2062 666 2089 statum
688 2057 879 2090 amicorum
903 2057 1036 2090 domini
1073 2057 1191 2091 Caroli
1226 2063 1261 2090 et
1294 2063 1513 2090 accesserunt
1544 2059 1589 2090 ad
1621 2059 1759 2091 domum
1785 2059 1924 2092 Nicolai
1958 2062 2001 2093 de

148 2105 384 2139 Zambecariis
413 2113 448 2140 et
478 2108 589 2151 ipsam
618 2109 828 2142 robaverunt
851 2115 886 2142 et
909 2110 1115 2142 invenerunt
1147 2111 1242 2153 quod
1269 2111 1384 2142 dictus
1407 2111 1576 2143 Nicolaus
1606 2112 1744 2155 fugerat
1776 2113 1820 2144 de
1843 2111 2001 2146 Bononia

147 2164 182 2191 et
205 2160 363 2192 fecerunt
386 2162 512 2194 multos
534 2162 724 2195 confinatos
746 2168 781 2195 et
804 2162 965 2195 bannitos
987 2169 1022 2195 et
1045 2163 1204 2195 fecerunt
1227 2164 1354 2196 reverti
1378 2164 1468 2203 illos,
1493 2165 1553 2207 qui
1577 2170 1676 2196 erant
1699 2165 1745 2197 ad
1769 2166 1930 2205 confinia,
1947 2167 1999 2199 vi-

129 2212 295 2245 'delicetz
321 2213 498 2246 dominum
521 2215 746 2248 Franciscum
769 2216 813 2248 de
836 2215 1087 2258 Rmponibus,
1119 2216 1279 2248 Nannem
1304 2217 1347 2249 de
1372 2217 1572 2256 Gozadinis,
1595 2217 1789 2260 Johannem
1814 2219 1858 2250 de
1881 2218 2000 2252 Benti-

148 2266 269 2309 voglis,
292 2266 485 2309 Johannem
515 2267 667 2300 Ludoici
698 2269 742 2301 de
771 2269 1019 2313 Monterincoli
1042 2275 1076 2301 et
1100 2274 1212 2302 certos
1247 2270 1335 2302 alios
1368 2269 1539 2302 bannitos.
1586 2270 1630 2302 Et
1666 2277 1748 2303 tunc
1780 2278 1902 2313 captus
1932 2273 2001 2306 fuit

149 2328 264 2351 comes
285 2319 460 2353 Antonius
482 2321 526 2353 de
548 2319 725 2360 Bruscolo,
749 2322 809 2365 qui
833 2322 1027 2364 occupabat
1051 2323 1190 2355 domum
1214 2323 1302 2355 dicti
1327 2323 1459 2355 domini
1476 2323 1657 2356 Francisci
1682 2324 1725 2356 de
1749 2324 2000 2367 Rampbnibus‚

149 2377 184 2404 et
208 2372 333 2405 ductus
355 2373 423 2405 fuit
447 2373 484 2405 in
507 2375 622 2416 platea
645 2380 680 2407 et
702 2375 850 2417 populus
874 2375 1012 2408 volebat
1043 2376 1155 2418 ipsum
1186 2376 1395 2418 suspendere
1418 2387 1482 2419 per
1503 2377 1637 2420 gulam3
1661 2377 1723 2409 sed
1754 2377 1828 2419 ipse
1859 2378 1999 2412 dicebat

150 2426 243 2468 quod
266 2425 394 2468 aliquis
417 2427 461 2459 de
485 2428 588 2460 domo
611 2438 672 2460 sua
696 2439 883 2471 numquam
906 2429 1021 2461 fuerat
1044 2439 1226 2471 suspensus
1247 2434 1283 2461 et
1305 2429 1424 2472 aliquo
1454 2430 1558 2462 modo
1583 2430 1694 2462 noluit
1718 2430 1768 2462 ire
1799 2441 1903 2473 super
1925 2442 1999 2464 sca-

149 2477 234 2516 lam3
258 2484 293 2510 et
316 2483 399 2511 tunc
415 2479 483 2522 ipsi
506 2480 702 2524 ligaverunt
725 2482 844 2513 funem
866 2482 913 2514 ad
936 2492 1041 2514 unum
1058 2482 1207 2524 pirolum
1223 2482 1337 2514 scalae
1360 2488 1395 2514 et
1419 2482 1669 2515 interfecerunt
1693 2482 1805 2525 ipsum
1829 2494 1908 2516 curn
1925 2486 1999 2517 lan-

150 2528 221 2561 ceis
244 2534 278 2561 et
301 2530 545 2563 ronchonibus.
591 2531 724 2564 Tamen
749 2532 859 2564 nichil
882 2533 1025 2566 fecerat.

238 2580 370 2612 Eodem
393 2591 495 2620 anno,
519 2582 577 2614 die
600 2592 705 2624 xxvij
728 2582 931 2616 decembris.
956 2602 998 2607 ——
1020 2584 1197 2627 Johannes
1220 2585 1264 2616 de
1286 2583 1518 2628 Bentevoglis,
1536 2585 1696 2619 dominus
1711 2584 1820 2618 Bente
1845 2587 1888 2618 de
1904 2586 1994 2619 Ben-

150 2633 297 2677 tevoglis
330 2640 364 2666 et
399 2634 541 2667 Nannes
575 2636 619 2668 de
643 2636 835 2679 Gocadinis
865 2642 1043 2669 traxerunt
1066 2638 1113 2670 ad
1136 2638 1285 2680 plateam
1309 2648 1388 2670 cum
1416 2648 1541 2682 magna
1571 2638 1708 2682 brigata
1739 2639 1932 2672 cridando:
1957 2659 1999 2665 ——

150 2686 242 2719 Viva
259 2686 281 2718 'l
295 2687 423 2730 povolo
439 2697 459 2720 e
476 2688 509 2720 le
525 2689 590 2721 arti
607 2700 632 2722 e
642 2699 739 2722 mora
756 2689 779 2721 li
794 2689 1030 2723 Maltraversil
1047 2709 1088 2714 -—
1106 2690 1152 2724 Et
1167 2690 1205 2722 in
1221 2691 1317 2723 dicto
1333 2692 1452 2723 furore
1467 2691 1595 2724 mortui
1611 2692 1752 2724 fuerunt
1770 2692 1998 2737 infrascripti,

150 2739 330 2773 videlicet:
353 2739 449 2785 Acco
474 2742 518 2774 de
540 2740 729 2775 Buvalellis
751 2748 910 2776 corector
932 2743 1167 2783 Notariorum,
1198 2743 1326 2776 Paulus
1357 2744 1490 2776 domini
1512 2744 1744 2788 Bartolomaei
1768 2745 1811 2778 de
1835 2745 1999 2786 Saliceto,

149 2792 301 2836 Jacobus
315 2794 406 2827 filius
420 2794 576 2827 Mathaei
593 2796 636 2828 de
650 2795 846 2840 Magnanis,
862 2795 1036 2829 Antonius
1060 2797 1103 2830 de
1127 2795 1232 2830 Basso
1249 2797 1416 2837 boearius,
1433 2797 1613 2830 Zenannes
1635 2799 1856 2842 stracarolus3
1873 2805 1908 2832 et
1923 2800 1999 2832 fue-

241 2906 256 2933 5
274 2901 349 2935 suas]
367 2905 473 2936 autogr.
492 2904 550 2929 suis
564 2917 596 2921 —
610 2909 643 2936 37
662 2904 810 2930 dominum
828 2904 1006 2930 Franciscum
1020 2905 1054 2930 de
1066 2904 1276 2939 Ramponlbus]
1290 2904 1417 2938 agg.p1·1⁸a
1435 2906 1513 2932 tardi
1529 2909 1610 2938 sopra
1629 2906 1658 2931 la
1676 2906 1747 2931 linea
1761 2920 1793 2924 —
1809 2912 1842 2938 39
1855 2907 1903 2940 qui
1922 2914 2002 2932 occu-

153 2943 295 2976 pabat....
315 2945 518 2979 Ramponibus]
538 2955 607 2980 agg.
621 2946 671 2979 piis
689 2947 766 2973 tardi
782 2955 802 2973 c.
821 2954 842 2974 s.

2075 1073 2095 1089 c.
2111 1072 2154 1092 ¹5²
2170 1074 2184 1087 a

2103 1127 2150 1144 ua..
2167 1120 2204 1141 207

2086 2603 2179 2624 .153u
