2196 3424
65 1609 98 1628 10

24 1848 32 1883 31
62 1850 92 1877 ις

32 2080 33 2083 ¹
64 2095 98 2115 πο

53 2303 94 2366 ‘25

36 2830 39 2833 ’
63 2827 94 2855 3⁵

573 679 647 731 IN
683 677 1091 731 MATTHAEI
1128 677 1517 731 GRIFFONIS

355 785 708 821 PRAEFATIO
743 785 1040 821 LUDOVICI
1074 785 1335 821 ANTONH
1369 785 1724 820 MURATORII

430 1166 488 1186 uon
508 1167 582 1185 nunc
599 1160 722 1191 primum
741 1159 818 1192 typis
835 1158 917 1184 trado
935 1159 1096 1184 Memoriale
1117 1159 1279 1184 Ihlstoricum
1293 1158 1327 1183 de
1346 1157 1439 1183 Rebus
1458 1157 1690 1189 Bononienslum,
1710 1157 1796 1183 debeo
1814 1158 1842 1182 et
1856 1164 1964 1182 mecum

446 1208 558 1233 Eruditi
572 1207 673 1233 debent
685 1207 860 1239 amplissImo
873 1207 944 1232 Viro
958 1206 1085 1240 Johanni
1097 1207 1185 1232 Paulo
1198 1206 1356 1232 Marchioni
1370 1206 1501 1238 Pepuleo,
1514 1208 1572 1231 tam
1586 1206 1734 1231 nobilitate
1752 1206 1872 1239 generis,
1886 1213 1967 1237 quam

446 1257 580 1290 singulari
596 1263 692 1289 amore
711 1263 778 1288 erga
802 1255 906 1288 literas,
930 1261 1079 1287 earumque
1097 1255 1226 1285 cultores,
1245 1254 1318 1279 mihi
1338 1255 1434 1279 multis
1452 1254 1614 1279 nominibus
1630 1253 1859 1279 commendando.
1895 1255 1964 1279 Eam

446 1306 518 1331 mihi
536 1305 700 1338 impetravit
718 1305 772 1329 Vir
785 1304 969 1330 Clarissimus
982 1303 1124 1336 Johannes
1137 1302 1274 1335 Josephus
1286 1303 1389 1328 Ursius
1407 1302 1545 1332 Max-chio,
1556 1309 1643 1334 aeque
1660 1309 1691 1327 ac
1709 1303 1754 1327 ille
1766 1302 1859 1334 patria
1871 1303 1965 1327 Bono-

445 1354 560 1384 niensis,
580 1355 609 1379 et
626 1354 701 1378 inter
719 1353 854 1378 Eruditos
870 1352 927 1385 iam
945 1351 1032 1376 editis
1051 1351 1148 1376 Libris
1166 1351 1409 1376 celebratIssimus.
1439 1350 1472 1375 In
1489 1350 1584 1376 fronte
1602 1350 1726 1380 Codic1s‚
1738 1351 1787 1382 qui
1801 1350 1872 1375 mihi
1886 1351 1963 1375 visus

119 1407 163 1431 est
180 1404 381 1437 autographus,
399 1404 489 1429 aliena
507 1410 591 1427 manu
608 1402 777 1434 inscriptum
790 1403 851 1426 erat
869 1401 1003 1426 Auctoris
1014 1407 1128 1431 nomen,
1146 1407 1246 1432 nempe
1261 1399 1374 1432 Joanmk·
1389 1399 1527 1433 Gm'ffi’mis.
1564 1400 1670 1424 Verum
1689 1400 1721 1424 in
1738 1399 1882 1424 Historiae
1900 1405 1967 1423 eon-

119 1455 196 1480 textu
215 1453 373 1478 meridIano
387 1452 452 1478 Sole
463 1452 567 1477 clarius
579 1451 675 1481 elucet,
695 1451 854 1482 conscripta
866 1449 934 1474 haec
952 1449 1070 1474 omnino
1088 1448 1177 1474 fuisse
1194 1455 1211 1473 a
1228 1449 1365 1473 Matthaeo
1379 1448 1508 1482 Griffone,
1527 1448 1577 1479 qui
1595 1455 1625 1473 se
1637 1455 1696 1472 non
1714 1447 1796 1472 semel
1813 1447 1859 1472 his
1876 1447 1964 1479 gestis

119 1504 274 1533 interserit,
298 1504 329 1527 et
351 1509 380 1527 se
405 1501 550 1534 magnifice
568 1500 708 1525 nominat.
744 1499 812 1524 Fuit
837 1503 933 1524 autem
959 1497 1110 1531 Griffonum
1136 1498 1256 1523 Familia
1275 1498 1306 1522 in
1331 1498 1507 1522 Bononiensi
1525 1497 1609 1527 Urbe,
1634 1498 1691 1522 etsi
1710 1496 1829 1521 fortasse
1854 1503 1911 1521 non
1931 1503 1964 1520 ex

119 1552 302 1585 primoribus,
322 1551 420 1576 saltem
438 1557 472 1575 ex
490 1550 640 1575 Nobilibus
652 1550 682 1574 et
699 1548 839 1581 patriciis.
875 1548 982 1572 Eorum
993 1554 1062 1572 cura
1079 1548 1108 1572 et
1118 1554 1185 1572 aere
1197 1547 1253 1580 jam
1266 1547 1351 1571 Anno
1368 1552 1435 1578 1199
1449 1546 1624 1571 aedificatum
1635 1545 1689 1570 fuit
1702 1545 1847 1570 Bononiae
1869 1544 1966 1576 Hospi-

121 1602 177 1627 tale
202 1601 231 1627 S.
256 1599 396 1625 Bernardi
412 1600 440 1624 in
460 1599 575 1631 Capella
594 1599 623 1623 S.
642 1597 828 1630 Margaritae,
846 1598 880 1622 ut
898 1596 959 1622 heic
977 1595 1089 1628 legitur.
1125 1596 1194 1620 Erat
1212 1597 1306 1621 autem
1326 1596 1355 1620 et
1373 1596 1413 1620 eis
1432 1602 1482 1620 sua
1500 1595 1601 1620 Turris
1619 1595 1651 1619 in
1669 1595 1774 1625 Patria,
1793 1594 1868 1626 quod
1886 1600 1965 1625 prae-

119 1650 208 1675 ehrae
224 1648 359 1674 Familiae
377 1647 512 1673 indicium
532 1647 602 1672 olim
618 1645 682 1677 fult,
695 1647 778 1678 atque
795 1645 862 1670 haec
874 1645 959 1670 Anno
975 1644 1044 1676 1269
1064 1645 1162 1677 sponte
1180 1644 1296 1669 corruit.
1334 1643 1499 1669 Vetustiora
1517 1650 1626 1676 quoque
1645 1644 1723 1675 gesta
1741 1643 1855 1675 huiusce
1872 1642 1965 1674 gentis

119 1698 311 1724 memorantur
331 1697 365 1722 ab
384 1696 510 1721 Auctore
529 1697 636 1727 nostro,
655 1694 699 1720 uti
717 1695 810 1727 legere
828 1694 989 1719 volentibus
1008 1693 1126 1718 subinde
1144 1693 1261 1725 patebit.
1829 1724 1834 1727 ᾖ

206 1746 252 1772 Ad
268 1747 362 1779 Ipsum
381 1745 554 1770 Matthaeum
571 1743 645 1776 quod
662 1743 774 1775 attinet,
794 1743 918 1768 eumdem
937 1742 1070 1767 habemus
1089 1749 1201 1767 suarum
1215 1749 1309 1767 rerum
1321 1743 1521 1773 enarratorem,
1534 1741 1587 1766 hoc
1599 1742 1642 1766 est
1654 1741 1843 1766 certissimum
1855 1740 1964 1765 testem.

117 1796 207 1822 Natus
223 1795 269 1820 ule
289 1795 332 1820 est
344 1794 430 1819 Anno
444 1793 555 1819 Christi
574 1797 639 1825 1351
661 1793 693 1817 ut
710 1799 744 1816 ex
761 1792 805 1817 his
824 1792 916 1817 verbis
934 1791 1133 1824 intelligimus:
1153 1790 1229 1815 Anno
1241 1790 1395 1816 MCCCLI
1407 1791 1449 1815 die
1466 1790 1582 1815 XXIII
1598 1790 1677 1822 Junii
1693 1790 1720 1814 in
1746 1789 1848 1821 Wffi'lia
1873 1788 1969 1813 Sancti

119 1844 250 1878 Johanm‘s
267 1843 406 1875 Baptistae
423 1845 500 1867 natus
511 1842 575 1876 fuit
592 1841 745 1866 Matthaeus
756 1841 833 1874 filius
853 1841 978 1866 Gus'ducii
994 1841 1026 1864 de
1046 1840 1206 1874 Griffonibus
1219 1848 1248 1864 ex
1263 1839 1380 1864 Domina
1393 1840 1487 1864 Zanna
1500 1840 1556 1871 ejus
1574 1846 1657 1870 more,
1664 1839 1730 1872 filia
1749 1838 1809 1863 olim
1829 1837 1964 1862 Matthaei

118 1893 152 1918 de
171 1892 337 1919 Crescentiis.
373 1892 418 1917 En
435 1892 525 1924 igitur
542 1891 661 1916 nomina
679 1891 772 1915 Patris
790 1891 819 1915 et
844 1890 953 1920 Matris,
979 1890 1116 1921 simulque
1141 1891 1250 1921 tempus
1274 1889 1441 1914 nativitatis.
1479 1888 1525 1913 Ad
1549 1895 1654 1913 annum
1682 1887 1749 1920 1384
1772 1887 1838 1912 haee
1862 1886 1963 1911 itidem

118 1942 232 1968 scribit:
250 1942 345 1966 Mensa
367 1940 489 1974 Januari
504 1940 659 1965 Matthaeus
677 1940 711 1964 de
730 1939 893 1973 Griffom'bus
911 1939 986 1963 duxit
1001 1938 1027 1963 in
1045 1946 1148 1963 uxorem
1167 1938 1307 1964 Dominam
1329 1938 1460 1962 Helenam
1472 1937 1563 1970 filiam
1581 1936 1692 1961 Antonii
1710 1937 1812 1962 Codeca
1830 1937 1964 1960 Mercato-

117 1991 173 2022 ris,-
190 1984 218 2015 et
234 1990 305 2015 dicta
323 1990 367 2014 die
384 1989 552 2022 Peregrinus
571 1989 603 2013 de
621 1988 814 2013 Zambeccariis
831 1987 906 2012 duxit
922 1988 948 2012 in
968 1994 1071 2012 uxorem
1092 1987 1232 2012 Dominam
1257 1986 1381 2011 Ursinam
1399 1989 1499 2018 neptem
1518 1986 1600 2017 :psius
1617 1985 1734 2016 Antonii,
1753 1987 1781 2009 et
1790 1984 1880 2017 filiam
1899 1983 1961 2008 olim

121 2039 252 2072 Johannis
271 2038 385 2065 codeca.
420 2037 597 2063 Liberalibus
614 2037 774 2069 disciplinis
792 2037 967 2062 Matthaeum
985 2039 1114 2061 nostrum
1132 2035 1238 2061 dedisse
1257 2042 1378 2067 operam,
1399 2035 1469 2060 satIs
1481 2035 1602 2067 arguunt
1614 2034 1707 2059 Italici
1720 2033 1762 2059 illi
1775 2039 1882 2062 versus,
1893 2039 1964 2064 quos

121 2089 158 2115 ad
175 2089 291 2114 Annum
313 2075 386 2120 1385·
398 2088 543 2120 tamquam
561 2093 578 2112 a
594 2093 624 2112 se
643 2086 822 2118 compositos
839 2086 956 2111 innuere
974 2085 1094 2111 videtur.
1131 2085 1217 2110 Anno
1238 2084 1306 2116 1387
1327 2085 1468 2109 Corrector
1488 2083 1629 2109 Societatis
1650 2083 1825 2108 Notariorum
1842 2081 1962 2106 adlectus

116 2136 186 2168 fuit3
204 2138 266 2162 tum
283 2144 359 2162 anno
381 2136 450 2169 1389
469 2136 500 2161 in
518 2135 694 2161 Antt'anorum
713 2134 844 2160 ordinem
862 2135 1019 2166 cooptatus,
1039 2141 1094 2166 quo
1113 2135 1241 2166 tempore
1259 2133 1286 2158 is
1304 2133 1377 2158 nihil
1397 2140 1454 2158 non
1473 2132 1540 2165 egit,
1559 2133 1592 2157 ut
1604 2131 1739 2164 quosdam
1758 2130 1846 2157 Cives
1863 2137 1880 2155 a
1897 2137 1963 2162 pro-

117 2186 280 2219 scriptionis
291 2193 382 2218 poena
399 2184 568 2211 defenderet.
605 2185 691 2209 Anno
712 2190 779 2217 1393
798 2183 876 2209 idem
894 2183 998 2208 missum
1003 2183 1124 2216 fuitpro
1137 2182 1337 2207 Ambasciatore
1351 2182 1500 2207 Communis
1512 2181 1646 2206 Bononiae
1658 2180 1697 2205 ad
1707 2180 1845 2205 Dominum
1858 2179 1962 2211 Papam

111 2235 286 2269 'Bomfaa'um
304 2234 356 2260 IX
368 2234 415 2267 qui
429 2234 520 2259 stabat
534 2234 563 2258 in
581 2233 701 2259 Perusia.
737 2233 824 2258 Anno
846 2237 914 2264 1397
934 2232 993 2265 egit
1011 2232 1171 2256 Potestatem
1200 2231 1343 2256 Comitatus
1367 2231 1483 2255 Imolae:
1508 2230 1636 2262 sequenti
1661 2236 1726 2254 vero
1748 2227 1963 2262 Confalonerium

121 2283 252 2317 Justiuae
270 2284 302 2309 in
320 2284 419 2309 Patria
429 2290 480 2309 sua
492 2283 633 2308 Bononia.
671 2281 795 2313 Accedit,
809 2281 884 2314 quod
895 2281 982 2306 Anno
999 2287 1064 2312 1401
1079 2280 1114 2305 ad
1129 2280 1268 2305 Civitatem
1280 2279 1436 2304 Florentiae
1447 2279 1555 2312 legatus
1567 2279 1608 2303 est
1621 2279 1737 2308 missus;
1751 2278 1780 2302 et
1792 2277 1879 2302 Anno
1895 2282 1962 2309 1403

118 2332 285 2359 dominante
302 2332 392 2358 adhuc
410 2333 558 2358 Bononiae
575 2332 654 2357 Duce
673 2331 834 2362 Mediolani,
852 2331 980 2362 Scriptor
998 2329 1045 2354 hic
1062 2330 1158 2354 noster
1176 2328 1286 2354 exulare
1298 2329 1409 2353 coactus
1420 2327 1490 2358 fuit;
1509 2327 1557 2353 sed
1574 2327 1653 2352 brevi
1671 2326 1757 2352 redux
1774 2327 1806 2351 in
1824 2326 1960 2355 Pati-lam,

117 2382 193 2408 inter
209 2381 339 2407 Anti'anm
356 2388 451 2407 rursus
468 2381 560 2407 locum
577 2381 680 2406 tenuit.
716 2381 848 2413 Denique
866 2379 998 2405 restituta
1010 2378 1153 2403 Romanae
1166 2378 1302 2403 Ecclesiae
1321 2377 1459 2408 Bononia,
1474 2377 1596 2410 Legatus
1609 2376 1778 2402 Pontificius
1790 2375 1876 2400 Anno
1893 2374 1960 2407 1408

119 2431 294 2457 Matthaeum
311 2437 368 2456 una
384 2438 449 2456 eum
466 2430 532 2456 alus
549 2430 606 2455 sibi
624 2437 642 2455 a
660 2429 796 2456 Consum
813 2428 942 2454 adscivit.

205 2479 272 2510 Quo
283 2480 370 2505 Anno
382 2479 441 2513 ejus
459 2486 536 2505 mors
553 2479 712 2512 contigerit,
732 2478 764 2503 in
782 2477 854 2503 calce
873 2476 1011 2503 Chronlci
1028 2483 1045 2501 a
1063 2476 1192 2508 quodam,
1211 2476 1260 2507 qui
1278 2475 1412 2501 nonnulla
1431 2474 1539 2508 adjecit,
1559 2474 1725 2500 adnotatum
1744 2474 1787 2499 est
1805 2473 1881 2498 hisce
1899 2479 1961 2497 ver-

117 2529 177 2556 bine
195 2528 273 2554 Anno
292 2528 534 2555 MCCCCXXVI
546 2528 590 2553 die
607 2528 685 2553 tertio
704 2527 804 2552 Mensis
825 2526 900 2559 Julii
916 2526 979 2551 obiit
987 2525 1182 2559 famosissimus
1199 2525 1245 2550 vir
1262 2533 1294 2549 ac
1313 2524 1472 2556 eloquentiae
1487 2524 1599 2555 peritus,
1614 2523 1766 2548 Matthaeus
1785 2523 1816 2547 de
1836 2521 1963 2556 Griffini-

117 2579 171 2610 bus,
190 2579 218 2603 in
236 2577 338 2604 lart'bus
356 2578 482 2603 Palladis
500 2578 644 2609 enutritus‚·
662 2579 690 2602 et
706 2577 822 2608 sepultus
832 2576 896 2610 suit
912 2576 951 2600 ad
968 2575 1092 2601 Sanctum
1111 2574 1291 2605 Franciscum,
1316 2573 1539 2606 superextantibus
1555 2572 1633 2606 filiis,
1659 2572 1785 2597 videlieet
1806 2571 1960 2601 Florianus,

118 2627 235 2658 Lunum,
258 2627 402 2660 Johannes,
420 2627 589 2659 Francis-cus,
608 2629 637 2651 et
653 2626 813 2652 Ludovicus.
853 2625 926 2650 Haec
944 2625 1038 2650 autem
1057 2623 1178 2649 Familia
1196 2625 1262 2655 post
1281 2622 1418 2648 Matthaei
1430 2622 1540 2647 obitum
1553 2621 1587 2647 ad
1605 2621 1671 2646 illud
1687 2621 1834 2654 potentiae
1851 2620 1962 2645 culmen

118 2675 240 2708 devenit,
258 2678 290 2702 ut
307 2684 352 2702 res
370 2683 458 2702 novas
477 2676 577 2702 molita
595 2675 700 2708 deiecta
711 2674 811 2700 fuerit:
830 2673 906 2707 quod
917 2673 1021 2699 habent
1034 2673 1171 2699 Historici
1184 2672 1386 2697 Bononienses.
1424 2671 1521 2696 Fuisse
1535 2671 1630 2695 autem
1644 2670 1819 2710 Matthaeum
1832 2670 1959 2694 nostrum

117 2726 146 2751 et
163 2733 274 2751 morum
292 2725 447 2757 honestate,
466 2727 494 2750 et
511 2724 660 2757 prudentia
677 2724 708 2749 in
727 2723 840 2756 agendis
859 2731 916 2748 non
936 2723 1074 2748 mediocri
1091 2722 1259 2754 praeditum,
1284 2721 1352 2746 illud
1377 2720 1492 2745 suadere
1509 2721 1611 2752 potest,
1630 2719 1799 2752 quodvlnter
1816 2719 1860 2743 tot
1880 2716 1962 2743 terri-

118 2773 185 2800 biles
201 2773 336 2800 factiones
360 2775 444 2807 atque
468 2774 612 2805 tumultus,
633 2773 734 2806 quibus
758 2780 792 2798 eo
817 2774 943 2805 tempore
969 2771 1100 2796 BononIa
1117 2771 1254 2796 continuo
1272 2777 1360 2802 paene
1379 2770 1460 2794 motu
1479 2768 1635 2799 fluctuabat,
1655 2769 1681 2793 is
1699 2768 1827 2793 omnium
1846 2767 1953 2793 amicus

118 2823 223 2849 nullius
240 2823 309 2849 odio
327 2824 482 2856 exagitatus
499 2822 557 2848 fuit
574 2822 699 2855 (praeter
717 2829 800 2854 quam
819 2828 970 2853 paucorum
990 2820 1128 2845 mensium
1147 2819 1242 2851 exilio)
1260 2820 1289 2844 et
1307 2818 1342 2843 ad
1354 2818 1464 2850 publica
1475 2824 1659 2851 supremaque
1672 2817 1856 2850 Reipublicae
1870 2818 1962 2841 Bono-

119 2872 228 2898 niensi-
245 2872 334 2898 officia
352 2879 461 2905 semper
478 2871 626 2903 adhibitus,
645 2872 736 2904 atque,
755 2872 786 2896 in
804 2871 841 2896 iis
859 2876 968 2896 summa
985 2876 1048 2894 cum
1066 2868 1146 2894 laude
1165 2869 1298 2894 versatus.
1335 2867 1388 2893 Sed
1406 2869 1435 2892 et
1447 2868 1510 2899 ipsa
1523 2867 1583 2900 ejus
1595 2867 1720 2892 Historia
1738 2866 1833 2892 virum
1846 2866 1959 2891 exhibet

119 2921 247 2955 probum,
266 2928 311 2947 res
329 2921 412 2948 nobis
429 2921 587 2947 tradentem
605 2921 667 2946 sine
686 2920 763 2951 odio,
781 2920 843 2945 sine
862 2919 1051 2950 mordacitate,
1072 2919 1100 2944 et
1118 2918 1221 2950 hblque
1241 2917 1446 2943 moderationls
1463 2917 1543 2950 signa
1560 2915 1775 2949 praeferentem,
1789 2916 1821 2940 ut
1833 2914 1961 2948 protecto
