2242 3418
57 1470 133 1496 Mum,
152 1469 190 1491 172

75 1843 95 1859 c.
111 1842 152 1863 ¹⁰5
165 1844 179 1858 a

74 2748 95 2765 c.
110 2746 153 2768 ¹⁰5
167 2742 180 2763 h

275 168 324 204 00
411 187 413 189 .
814 161 1095 199 MATTHAEI
1123 161 1193 198 DE
1224 160 1571 199 GRIFFONIBUS
1833 166 2116 206 [mmm-1³⁵⁶]

268 299 408 331 abstulit
431 297 474 329 ab
498 297 547 328 eis
570 301 604 327 et
627 294 753 327 multos
776 304 819 326 ex
842 293 900 332 eis,
926 293 1008 336 quia
1032 303 1101 325 non
1127 299 1196 325 tam
1221 292 1291 324 cito
1315 292 1505 330 solvebant,
1523 292 1608 324 fecit
1631 292 1813 325 tondolari.
1860 293 1906 326 Et
1929 294 2019 326 inter
2041 295 2127 327 alios

268 351 361 394 cepit
384 351 542 382 Nannem
567 347 730 380 Guelfum
755 347 798 379 de
822 345 1052 384 Gdffonibus,
1077 345 1135 388 qui
1159 350 1234 377 erat
1258 345 1344 376 civis
1360 344 1573 377 honorabilis
1596 349 1631 377 et
1654 345 1756 377 valde
1773 345 1877 385 dives,
1894 352 1928 379 et
1943 347 2064 380 habuit
2079 348 2124 381 ab

266 415 308 437 eo
332 404 397 436 tria
419 401 526 433 millia
550 400 713 432 librarum
737 399 988 431 bononinorum
1011 404 1045 430 et
1068 398 1223 429 similiter
1246 396 1331 429 fecit
1354 397 1471 429 multis
1488 396 1562 428 aliis
1579 397 1767 430 secundum
1791 408 1908 431 eorum
1935 399 2125 433 facultates.

270 457 339 490 Sed
365 454 473 488 nichil
497 453 636 495 petebat
659 452 704 485 ab
727 452 844 494 aliquo
867 451 1097 483 Maltraverso
1120 451 1174 482 vel
1208 449 1406 482 Ghibellino
1430 450 1484 481 vel
1509 450 1552 481 de
1577 450 1759 483 comitibus
1782 451 1825 483 de
1848 451 1991 485 Panico.

355 508 486 540 Eodem
510 515 603 538 anno
625 511 660 537 et
683 514 808 536 mense.
834 522 876 527 —
900 504 1132 536 Vicecomites
1157 503 1200 534 de
1223 502 1424 534 Mediolano
1448 502 1614 534 miserunt
1638 512 1741 545 super
1758 504 1924 536 comitatu
1947 505 2125 538 Bononiae
2171 505 2189 537 5

268 562 442 595 dominum
466 559 659 602 Johannem
684 558 728 590 de
751 557 900 599 Pepolis,
926 556 1006 589 olim
1032 556 1207 588 dominum
1231 555 1420 594 Bononiae,
1445 560 1481 587 et
1512 555 1689 587 dominum
1721 557 1955 589 marchionem
1979 558 2123 590 Franci-

266 625 360 647 scum
384 613 562 645 Estensem
586 617 620 643 et
644 611 820 643 dominum
843 610 1058 642 Bernardum
1084 609 1126 641 de
1150 607 1337 652 Angusolis
1369 609 1413 640 de
1435 607 1614 640 Placentia
1647 619 1725 640 cum
1748 619 1822 641 mvc
1846 610 2030 652 equitibus,
2061 611 2122 654 qui

265 671 432 700 venerunt
454 665 500 697 ad
523 670 662 707 pontem
685 663 804 695 Rheni
835 668 869 694 et
900 662 949 694 ibi
973 672 1132 704 campum
1155 667 1343 703 posuerunt
1365 666 1400 693 et
1422 661 1638 694 abstulerunt
1665 672 1790 704 aquam
1814 663 1927 695 canali
1951 664 2122 696 molendi-

263 730 395 753 norum.
441 718 565 750 Postea
588 718 724 749 iverunt
747 716 903 748 Butrium
934 721 968 747 et
998 714 1223 746 Medesanum
1253 719 1288 746 et
1319 713 1367 746 ibi
1398 719 1564 746 steterunt
1594 714 1708 757 multis
1740 715 1871 747 diebus.
1919 715 2045 748 Postea
2068 727 2122 748 re-

268 774 412 806 deuntes
434 771 480 803 ad
502 775 642 812 pontem
666 769 783 801 Rheni
798 773 954 800 arserunt
978 767 1101 799 multas
1127 767 1259 799 domos.
1306 766 1351 798 Et
1373 777 1441 798 una
1463 773 1577 805 nocte,
1602 767 1764 800 videlicet
1787 768 1844 800 die
1868 777 1945 800 xxv
1975 770 2123 813 augusti,
2151 771 2190 802 10

264 830 432 858 venerunt
455 834 533 855 cum
556 822 710 854 artificiis
733 827 767 853 et
790 821 922 854 balistis
945 821 991 852 ad
1014 831 1148 852 murum
1172 819 1332 857 civitatis,
1357 820 1454 862 quasi
1485 820 1521 851 in
1552 820 1666 852 medio
1690 820 1816 862 Campi
1839 819 1933 860 Feri,
1950 821 2008 854 ubi
2023 822 2125 855 solita

265 885 339 911 erat
362 888 435 910 esse
458 887 525 908 una
556 881 667 918 porta,
699 880 782 907 tunc
815 879 958 912 murata,
982 879 1017 906 et
1040 873 1272 906 ascenderunt
1304 883 1438 904 murum
1463 882 1483 905 c
1506 873 1641 915 pedites
1664 883 1707 905 ex
1729 874 1779 906 eis
1809 880 1844 906 et
1874 875 2124 908 interfecerunt

263 933 349 964 duos
374 930 534 963 custodes
557 934 591 961 et
614 929 774 960 fecerunt
798 928 867 959 duo
890 927 1062 959 foramina
1084 927 1120 958 in
1143 936 1241 958 muro
1266 926 1416 958 civitatis
1439 932 1473 958 et
1496 932 1683 968 posuerunt
1715 937 1817 969 super
1840 937 1937 960 muro
1955 928 2041 960 duos
2063 939 2123 971 pe-

262 985 370 1017 nellos
404 989 439 1016 et
473 982 580 1025 aliqui
613 992 656 1013 ex
689 981 738 1013 eis
773 981 989 1013 intraverunt
1024 980 1125 1018 intus,
1150 980 1211 1011 sed
1247 989 1317 1012 non
1347 984 1532 1022 potuerunt
1563 979 1719 1012 obtinere
1732 992 1741 1018 ;
1771 990 1852 1024 ymo
1884 991 1962 1013 cum
1996 992 2123 1026 magno

261 1037 412 1079 [damno]
436 1037 576 1068 fuerunt
593 1034 725 1077 expulsi
748 1039 782 1066 et
805 1033 912 1076 aliqui
935 1033 1106 1065 vulnerati
1122 1038 1156 1065 et
1173 1033 1280 1076 aliqui
1302 1032 1429 1065 mortui
1444 1033 1491 1065 ad
1507 1042 1627 1065 sonum
1645 1043 1834 1076 campanae
1851 1034 2018 1074 comunis,
2034 1045 2123 1078 quae
2150 1035 2188 1067 15

262 1089 486 1173 Ρώδᾶἓὲἓεω
510 1148 601 1171 anno
624 1136 833 1170 MCCCLV.
859 1155 900 1159 —
923 1136 1091 1168 Dominus
1113 1136 1290 1179 Johannes
1314 1136 1358 1168 de
1382 1135 1507 1179 Olegio
1530 1136 1730 1178 praedictus
1763 1137 1855 1169 misit
1885 1136 2122 1170 Mediolanum

261 1199 408 1237 quatuor
430 1192 690 1229 ambasciatores,
714 1190 808 1223 cives
830 1189 1018 1228 Bononiae,
1042 1190 1089 1221 ad
1113 1189 1333 1222 tractandum
1357 1199 1478 1231 pacem
1502 1189 1593 1221 inter
1607 1190 1719 1231 ipsum
1742 1196 1777 1222 et
1802 1190 1977 1222 dominum
1992 1191 2123 1223 Berna-

261 1247 383 1280 bovem
407 1245 675 1281 Vicecomitem;
693 1243 752 1286 qui
775 1242 1025 1275 ambaxiatores
1048 1243 1189 1274 fuerunt
1212 1242 1277 1280 isti,
1294 1242 1473 1274 videlicet:
1499 1242 1659 1274 dominus
1681 1242 1804 1275 Petrus
1821 1243 1865 1275 de
1879 1243 2120 1283 Lambertinia

261 1300 421 1333 dominus
444 1299 564 1331 Gariet
588 1298 631 1330 de
654 1297 858 1339 Zappolino‚
881 1306 937 1327 ser
958 1295 1149 1328 Baldoinus
1173 1296 1217 1328 de
1240 1296 1402 1339 Ulgiano‚
1436 1296 1645 1328 Franciscus
1677 1296 1719 1328 de
1743 1296 1904 1340 anano.
1951 1297 2023 1336 Qui
2049 1308 2122 1329 am·
2145 1299 2188 1330 20

263 1353 455 1386 baxiatores
477 1352 637 1384 fecerunt
659 1350 789 1382 dictam
812 1359 934 1391 pacem
965 1359 1044 1381 cum
1074 1355 1181 1391 pacto
1205 1350 1300 1392 quod
1324 1349 1436 1381 dictus
1460 1349 1618 1381 dominus
1648 1350 1825 1393 Johannes
1853 1350 1898 1382 de
1921 1350 2044 1394 Olegio
2067 1361 2121 1383 re-

261 1411 415 1438 maneret
439 1404 598 1437 dominus
621 1403 798 1435 Bononiae
821 1406 1072 1445 toto'tempore
1096 1403 1187 1434 vitae
1212 1412 1293 1434 suae
1316 1408 1350 1434 et
1373 1408 1454 1444 post
1476 1402 1549 1434 eius
1578 1409 1723 1435 mortem
1756 1403 1914 1435 dominus
1943 1403 2121 1436 Bernabos

269 1459 392 1492 debeat
407 1468 481 1491 esse
505 1455 681 1490 dominus!
727 1456 773 1489 Et
795 1456 861 1488 isto
884 1456 998 1488 medio
1022 1461 1177 1498 tempore
1201 1456 1360 1488 dominus
1374 1456 1554 1489 Bernabos
1571 1456 1695 1489 debeat
1711 1467 1840 1499 ponere
1863 1462 2069 1499 potestatem
2084 1458 2121 1490 in

261 1513 402 1545 civitate
424 1510 611 1544 Bononiae.
657 1509 703 1542 Et
726 1510 775 1541 sic
800 1509 958 1541 dominus
980 1509 1158 1541 Bernabos
1181 1509 1273 1541 misit
1296 1510 1343 1541 ad
1366 1509 1507 1541 offitium
1538 1511 1748 1552 potestariae
1773 1511 1949 1543 dominum
1977 1510 2121 1543 Guiliel-

261 1566 390 1598 minum
415 1565 459 1598 de
481 1563 684 1596 Arimondis
708 1563 752 1595 de
773 1562 910 1595 Parma.
955 1562 1002 1595 Et
1024 1573 1103 1594 cum
1134 1563 1221 1595 dicti
1251 1562 1502 1595 ambaxiatores
1535 1574 1613 1595 cum
1644 1563 1720 1606 ipsa
1749 1574 1837 1606 pace
1865 1564 2053 1604 redierunt,
2083 1564 2120 1596 in
2143 1563 2185 1597 25

261 1619 316 1652 die
339 1617 455 1651 sancti
479 1616 668 1656 Ambrosii,
693 1617 789 1648 facta
812 1617 952 1648 fuerunt
975 1616 1153 1648 Bononiae
1174 1626 1300 1660 magna
1324 1616 1511 1648 hastiludia
1534 1622 1569 1649 et
1591 1617 1720 1660 gaudia
1743 1627 1805 1660 per
1829 1618 1922 1650 cives
1952 1623 1987 1650 et
2010 1618 2119 1650 socie-

260 1675 349 1702 tates
371 1668 509 1702 Artium
532 1668 720 1700 Bononiae.

347 1720 479 1753 Eodem
503 1728 605 1758 anno,
623 1719 667 1751 de
682 1728 798 1751 mense
814 1717 1025 1761 septembris.
1044 1737 1085 1741 —
1101 1718 1261 1751 Mortuus
1277 1723 1328 1751 est
1344 1718 1502 1751 dominus
1516 1718 1655 1751 Mafeus
1672 1720 1877 1752 Vicecomes
1892 1726 2002 1753 morte
2018 1720 2120 1753 valde

260 1774 449 1812 subitanea,
473 1783 542 1816 qua
565 1773 609 1805 de
632 1782 736 1804 causa
759 1772 878 1814 opinio
901 1772 969 1804 fuit
992 1772 1185 1803 comuniter
1207 1772 1302 1815 quod
1324 1772 1446 1804 fuisset
1470 1772 1660 1805 tossicatus.

347 1826 583 1860 M.CCCLV1.
608 1825 745 1858 Eodem
768 1835 872 1864 anno,
889 1825 934 1857 de
948 1835 1064 1857 mense
1086 1824 1244 1868 januarii.
1269 1844 1311 1848 —
1336 1825 1468 1868 Captus
1483 1831 1517 1858 et
1532 1827 1707 1869 plantatus
1722 1827 1789 1860 fuit
1806 1828 1945 1871 quidam
1961 1827 2119 1867 forensis,
2142 1828 2185 1860 30

259 1891 300 1914 eo
324 1881 405 1925 quia
429 1880 559 1913 dictum
582 1879 650 1911 fuit
673 1879 768 1922 quod
791 1889 870 1910 cum
893 1889 963 1910 una
986 1878 1110 1910 balista
1141 1884 1176 1911 et
1206 1879 1332 1922 sagitta
1356 1885 1525 1911 venenata
1549 1881 1730 1924 sagitando
1755 1880 1903 1914 debebat
1926 1881 2118 1914 interficere

260 1934 437 1968 dominum
459 1933 653 1977 Johannem
678 1932 722 1964 de
745 1931 870 1976 Olegio
893 1931 1106 1975 equitantem
1129 1941 1234 1974 super
1256 1931 1401 1964 salicata
1424 1933 1571 1965 fratrum
1595 1933 1783 1967 Minorum.

346 1988 479 2021 Eodem
501 1995 604 2025 anno,
629 1986 673 2019 de
695 1995 811 2018 mense
833 1985 1014 2018 februarii.
1032 2003 1073 2008 —
1090 1985 1194 2027 Capti
1218 1985 1359 2018 fuerunt
1382 1986 1600 2028 infrascripti
1617 1987 1655 2018 in
1669 1987 1840 2028 Bononia,
1857 1988 2039 2021 videlicet:
2057 1988 2119 2021 do-

258 2041 372 2074 minus
394 2039 640 2074 Guilielminus
671 2039 715 2072 de
745 2039 870 2071 Parma
899 2044 1051 2081 potestas
1081 2036 1270 2077 Bononiae,
1295 2038 1456 2071 dominus
1485 2039 1684 2073 Bernardus
1715 2041 1758 2073 de
1788 2041 1922 2074 Panico
1946 2051 2061 2075 comes
2083 2047 2119 2074 et

257 2096 364 2134 miles,
388 2094 569 2128 Galaottus
592 2103 707 2125 comes
738 2093 782 2125 de
811 2092 956 2131 Panico,
981 2091 1142 2125 dominus
1173 2092 1346 2125 Henricus
1376 2092 1544 2125 Castrutii
1570 2094 1613 2126 de
1645 2094 1891 2128 Interminellis
1913 2101 2057 2128 vocatus
2085 2095 2117 2127 lo
2139 2093 2182 2127 35

259 2150 355 2188 duca,
384 2148 523 2180 Bennus
554 2147 599 2179 de
627 2146 780 2191 Paganis
810 2146 854 2178 de
884 2145 1098 2190 Varignana.
1145 2146 1192 2178 Et
1224 2145 1282 2178 die
1305 2155 1343 2187 Χ]
1367 2146 1455 2178 dicti
1480 2147 1606 2179 mensis
1629 2147 1810 2188 februarii,
1834 2149 1977 2181 fuerunt
2000 2157 2118 2181 omnes

258 2201 447 2245 decapitati
479 2201 517 2232 in
547 2200 663 2243 platea
693 2199 851 2242 comunis
879 2199 1070 2238 Bononiae,
1100 2209 1142 2231 eo
1167 2199 1250 2243 quia
1279 2200 1326 2232 ad
1353 2200 1557 2242 petitionem
1583 2201 1716 2233 domini
1738 2202 1954 2235 Bernabovis
1978 2202 2022 2235 de
2051 2202 2116 2235 Vi-

258 2253 494 2293 cecomitibus,
518 2253 578 2297 qui
594 2253 649 2286 his
662 2252 785 2286 diebus
799 2258 942 2285 venerat
964 2262 1072 2295 usque
1087 2252 1258 2291 Parmam,
1274 2252 1343 2295 ipsi
1367 2252 1541 2286 debebant
1565 2254 1760 2287 interficere
1785 2256 1962 2288 dominum
1985 2255 2115 2299 Johan-

256 2320 334 2341 nem
350 2308 394 2341 de
410 2307 535 2351 Olegio
551 2312 586 2339 et
602 2307 685 2339 dare
701 2306 880 2339 civitatem
895 2305 1075 2338 Bononiae
1092 2305 1233 2338 domino
1255 2306 1464 2339 Bernabovi.
1511 2307 1556 2339 Et
1573 2307 1670 2340 illico
1686 2314 1764 2350 post
1781 2309 1911 2341 dictam
1935 2314 2115 2352 capturam

258 2362 430 2395 dictorum
446 2360 599 2404 quinque
616 2359 731 2392 dictus
754 2358 915 2391 dominus
928 2359 1105 2402 Johannes
1126 2359 1265 2402 accepit
1289 2359 1482 2392 dominium
1505 2360 1685 2393 Bononiae
1714 2361 1752 2393 in
1775 2372 1811 2394 se
1833 2367 1870 2396 et
1890 2362 1978 2394 fecit
2000 2361 2115 2405 jurare
2138 2362 2180 2393 40

257 2413 503 2458 stipendiarios
524 2419 559 2445 et
582 2412 746 2445 officiales
760 2412 798 2444 in
813 2412 973 2445 manibus
988 2412 1058 2445 suis
1080 2418 1115 2444 et
1138 2412 1226 2445 fecit
1249 2422 1375 2445 novum
1397 2419 1614 2455 potestatem,
1631 2415 1690 2447 die
1705 2424 1743 2456 Χ]
1760 2415 1848 2448 dicti
1863 2415 2001 2454 mensis,
2016 2414 2114 2447 vide-

256 2468 339 2501 licet
363 2467 540 2501 dominum
564 2466 787 2499 Guilielmum
811 2466 855 2498 de
871 2465 1003 2508 Campo
1027 2465 1139 2498 sancti
1154 2465 1262 2506 Petri,
1287 2467 1347 2509 qui
1371 2466 1499 2510 juravit
1514 2467 1657 2500 offitium
1680 2474 1714 2500 et
1737 2474 1857 2511 postea
1879 2479 1943 2511 per
1963 2468 2114 2501 mediam

256 2522 376 2555 horam
399 2530 470 2553 non
493 2520 633 2553 duravit
649 2519 687 2551 in
702 2519 833 2558 offici03
850 2524 885 2551 et
901 2519 998 2552 illico
1014 2519 1129 2552 factus
1144 2519 1212 2552 fuit
1227 2525 1380 2562 potestas
1395 2530 1514 2560 novus,
1530 2518 1697 2554 videlicet
1713 2521 1873 2554 dominus
1887 2522 2054 2555 Tassinus
2070 2522 2114 2554 de

254 2575 402 2608 Dona-tis
432 2575 476 2608 de
498 2573 686 2611 Florentia,
712 2573 772 2616 qui
795 2572 1040 2612 incontinenti,
1065 2572 1161 2606 dicta
1185 2573 1243 2606 die
1266 2582 1314 2614 XJ,
1339 2573 1426 2606 fecit
1451 2574 1645 2617 decapitari
1673 2575 1926 2618 suprascriptos
1948 2575 2111 2619 quinque.

344 2628 411 2660 Die
441 2637 524 2660 vero
555 2636 623 2668 ΧΗ]
655 2626 743 2659 dicti
769 2625 906 2658 mensis.
932 2644 974 2649 —-
999 2626 1144 2659 Sclavus
1173 2633 1208 2659 et
1240 2626 1403 2660 Ghilinus
1434 2628 1478 2660 de
1509 2628 1698 2671 Captaneis
1729 2629 1773 2661 de
1803 2628 1941 2673 Aglano
1971 2629 2112 2661 fuerunt
2135 2627 2176 2660 45

256 2679 446 2722 decapitati
469 2678 506 2710 in
529 2677 661 2721 Campo
684 2676 779 2716 Fori,
803 2677 908 2709 etiam
932 2677 1117 2710 occasione
1139 2678 1331 2721 praedicta.

344 2732 476 2765 Eodem
499 2741 603 2770 anno,
627 2730 685 2764 die
708 2740 792 2772 me
814 2730 941 2763 martii.
959 2749 1001 2754 —-
1017 2730 1162 2764 Rubeus
1185 2732 1228 2764 de
1242 2727 1424 2777 'Liacariis
1440 2739 1474 2766 et
1490 2733 1595 2766 etiam
1613 2734 1795 2773 Guidotus‚
1812 2734 1960 2767 famulus
1976 2733 2110 2766 domini

253 2785 423 2830 Johannis
446 2785 490 2818 de
512 2784 661 2827 Pepolis,
684 2785 826 2817 fuerunt
849 2784 1051 2828 decapitati,
1075 2795 1116 2818 eo
1139 2786 1222 2829 quia
1245 2785 1296 2819 eis
1318 2787 1507 2830 ascriptum
1537 2788 1606 2820 fuit
1637 2789 1731 2831 quod
1754 2787 1917 2820 volebant
1940 2788 2024 2821 dare
2047 2788 2109 2821 do-

254 2839 348 2872 mino
370 2837 523 2882 Johanni
547 2838 591 2871 de
613 2836 754 2881 Pepolis
776 2837 1037 2871 Crevalcorium
1060 2844 1096 2871 et
1118 2838 1365 2879 Nonantulam,
1389 2846 1423 2873 et
1446 2840 1589 2874 fuerunt
1606 2841 1796 2885 decapitati
1812 2842 1850 2874 in
1865 2841 1997 2885 Campo
2013 2841 2107 2875 Fori.

341 2948 358 2974 9
375 2943 404 2967 ετ
422 2938 474 2977 lbi]
493 2941 508 2967 ὃ
524 2943 642 2974 „petato
661 2943 741 2968 anche
753 2944 846 2975 prima
865 2943 895 2968 de·
910 2944 939 2969 et
957 2943 1140 2970 Medeamum
1160 2958 1193 2963 —
1215 2948 1246 2976 15
1266 2945 1381 2978 damno]
1402 2954 1494 2972 manca
1513 2947 1727 2982 nell'autografo
