2242 3418
94 746 113 760 c.
128 740 170 764 ub
185 741 198 760 ὁ

69 880 146 903 Mun..
161 879 200 899 203

99 912 118 927 c.
134 910 176 929 147
189 912 203 925 a

91 1752 111 1768 c.
125 1751 167 1771 147
181 1747 193 1767 b

91 2652 111 2667 c.
126 2646 167 2670 143
181 2653 195 2666 a

61 2700 138 2726 Mum,
153 2700 191 2719 204

284 174 329 213 86
818 172 1099 211 MATTHAEI
1127 172 1198 208 DE
1228 169 1574 208 GRIFFONIBUS
1836 146 1919 212 [ᾸΑ.
1938 178 2121 213 mamas]

277 308 485 346 Manzolino,
510 305 667 344 Blanchi,
692 305 735 337 de
758 304 880 343 Pretis,
905 305 948 336 de
972 303 1108 346 Vicano
1131 308 1165 335 et
1189 302 1315 334 multae
1338 302 1427 334 aliae
1459 302 1580 334 domus
1604 311 1682 334 cum
1714 302 1784 335 suis
1814 304 2030 346 sequacibus.
2076 305 2121 338 Et

276 362 439 394 miserunt
462 370 524 402 pro
548 369 661 400 capsa,
686 357 723 389 in
747 368 815 400 qua
838 362 936 389 erant
959 356 1080 395 officia,
1105 361 1139 388 et
1163 356 1272 397 ipsam
1296 356 1474 398 fregerunt
1497 360 1531 387 et
1554 355 1712 388 fecerunt
1736 366 1857 388 novem
1883 367 1989 390 novos
2008 358 2120 390 antia-

276 425 337 446 nos
362 414 404 446 de
427 413 506 451 illis,
531 412 590 455 qui
614 417 711 443 erant
735 410 858 442 armati
882 410 919 441 in
935 410 1059 451 platea,
1084 415 1117 440 et
1141 409 1306 440 miserunt
1330 408 1422 450 ipsos
1445 409 1491 440 ad
1507 409 1694 440 sedendum
1712 409 1748 440 in
1772 410 1938 451 palatium
1962 411 2121 443 antiano-

276 478 361 505 rum,
385 465 504 498 invitis
526 465 605 497 aliis
628 470 710 496 tunc
727 463 941 507 regentibus3
966 469 1000 494 et
1024 462 1189 494 continuo
1213 461 1356 493 sonabat
1381 472 1549 503 campana
1564 461 1696 503 populi.
1743 462 1787 494 Et
1803 468 1885 495 tunc
1909 474 2026 496 omnes
2050 465 2121 496 cla-

274 518 413 551 mabant
437 518 530 561 quod
555 517 713 549 dominus
736 516 908 559 Ugolinus
932 516 974 547 de
999 515 1146 557 Scappis
1170 520 1203 547 et
1226 514 1400 557 Johannes
1425 515 1467 546 de
1491 514 1616 547 Orittis
1648 515 1812 547 confinati
1836 516 1989 549 redirent
2012 523 2046 549 et
2070 517 2119 549 sic
2145 515 2162 548 5

275 571 353 604 fuit.
399 571 521 603 Postea
548 570 585 602 in
616 580 715 601 mane
747 570 905 607 fecerunt
936 568 1075 600 bandiri
1108 568 1202 610 quod
1233 577 1350 599 omnes
1381 567 1531 600 artifices
1561 568 1737 610 aperirent
1768 569 1931 601 stationes
1961 576 1995 603 et
2027 571 2121 613 quod

273 634 390 656 omnes
413 624 568 655 facerent
595 623 690 655 facta
721 633 782 654 sua
812 627 847 654 et
876 631 956 663 pars
986 621 1214 653 Maltraversa
1245 621 1409 653 remansit
1440 631 1518 653 cum
1542 631 1659 665 pugno
1682 621 1785 663 pleno
1809 623 2024 656 muscharum
2057 634 2121 656 nec

273 676 446 709 audebant
468 676 564 708 exire
589 676 632 708 de
657 676 768 708 domo.

360 730 492 762 Eodem
515 740 616 768 anno,
642 730 685 761 de
708 739 823 760 mense
846 728 992 772 augusti.
1019 747 1060 751 ——
1084 727 1184 760 Obiit
1207 727 1267 759 ille
1291 733 1448 760 strenuus
1463 733 1497 760 et
1514 728 1631 760 valens
1648 728 1848 770 capitaneus
1864 734 1898 762 et
1914 730 2011 762 miles
2040 741 2121 773 pro-

274 783 337 815 bus
359 789 394 815 et
417 782 673 824 expertissimus
697 782 734 813 in
757 781 871 820 armis,
904 781 1063 813 dominus
1085 781 1260 823 Johannes
1283 779 1387 813 Aeud
1419 782 1462 813 de
1492 780 1632 824 Anglia,
1657 781 1859 823 capitaneus
1881 783 2035 826 gentium
2060 793 2119 815 co-

273 836 385 868 munis
408 835 605 867 Florentiae
613 847 622 872 3
647 840 681 866 et
704 834 792 866 obiit
816 834 853 866 in
877 833 1055 866 Florentia
1079 839 1113 866 et
1136 833 1187 866 ibi
1211 834 1280 866 fuit
1304 834 1456 876 sepultus
1480 845 1559 866 cum
1583 844 1708 878 magno
1732 835 1872 868 honore.

363 887 724 921 M.CCCLXXXXV.
750 906 791 909 ——
816 887 1016 918 Notandum
1041 892 1092 918 est
1115 886 1208 918 istud
1231 887 1390 928 pulcrum
1415 897 1552 926 novum,
1576 887 1757 919 videlicet:
1784 887 1914 920 Eodem
1938 899 2040 928 anno,
2065 889 2122 922 die

272 951 376 982 XXVIJ
409 941 588 980 februarii,
617 959 658 963 ——
688 940 863 982 Johannes
895 939 1027 971 domini
1060 939 1221 983 Symonis
1253 940 1296 972 de
1328 939 1457 972 Sancto
1490 940 1652 984 Georgio‚
1689 950 1856 983 campsor,
1888 942 1976 974 civis
2012 941 2121 975 bono-

270 995 408 1033 niensis,
440 1005 543 1026 causa
574 993 815 1036 complacendi
850 992 990 1025 domino
1025 993 1219 1025 marchioni
1255 993 1298 1024 de
1333 992 1487 1032 Feraria,
1519 993 1657 1026 tenebat
1688 1005 1792 1025 unum
1825 1000 2008 1027 tractatum
2039 1006 2119 1028 cum

270 1048 396 1080 comite
418 1047 575 1091 Johanne
600 1047 643 1086 de
666 1045 840 1078 Barbiano
863 1051 897 1077 et
922 1046 1071 1088 quodam
1095 1056 1156 1078 suo
1179 1046 1333 1078 atinente
1356 1039 1480 1079 vocato
1504 1046 1705 1086 Conselexe,
1738 1048 1832 1090 quod
1855 1047 1923 1089 ipsi
1947 1048 2120 1081 debebant

274 1101 390 1133 facere
414 1100 562 1139 interfici
584 1098 741 1143 Aeonem
766 1099 1010 1138 marchionem,
1035 1099 1143 1130 filium
1167 1099 1250 1131 olim
1275 1099 1408 1131 domini
1431 1100 1642 1132 marchionis
1666 1099 1847 1132 Francisci
1872 1100 2041 1139 Estensis3
2060 1101 2120 1144 qui

270 1152 346 1197 Aco
363 1159 445 1186 tunc
461 1159 535 1185 erat
550 1153 712 1184 inimicus
730 1152 816 1184 dicti
834 1151 966 1184 domini
983 1152 1194 1184 marchionis
1212 1153 1254 1184 de
1270 1151 1414 1185 Feraria
1437 1158 1471 1185 et
1493 1159 1568 1185 erat
1591 1153 1765 1196 legitimus
1790 1154 1833 1186 de
1850 1154 1952 1186 domo
1968 1154 2119 1193 Estensi3

271 1207 331 1249 qui
361 1206 437 1250 Αςο
468 1212 542 1239 erat
573 1212 655 1239 tunc
687 1206 724 1237 in
748 1211 861 1237 castro
884 1202 1062 1244 Barbiani,
1094 1206 1188 1248 quod
1219 1205 1358 1238 tenebat
1390 1206 1505 1238 dictus
1536 1216 1650 1238 comes
1673 1207 1858 1249 Johannes.
1904 1207 1950 1239 Et
1980 1207 2121 1240 ordina-

272 1266 395 1292 verunt
430 1260 524 1303 quod
547 1259 583 1291 in
608 1269 700 1298 casu,
725 1268 793 1301 quo
817 1258 989 1300 praedicti
1014 1268 1128 1290 comes
1157 1258 1333 1301 Johannes
1363 1265 1397 1291 et
1429 1258 1605 1291 Consilice
1637 1260 1759 1292 darent
1789 1266 1960 1292 mortuum
1988 1261 2121 1293 dictum

272 1312 427 1356 Aeonem
450 1313 562 1345 eidem
585 1311 736 1355 Johanni
761 1312 803 1343 de
827 1311 956 1344 Sancto
981 1311 1142 1355 Georgio,
1167 1312 1261 1354 quod
1294 1312 1452 1344 dominus
1475 1313 1631 1344 marchio
1655 1313 1753 1345 daret
1776 1313 1826 1345 eis
1858 1316 1954 1345 xxxm
1978 1314 2122 1346 ducatos

270 1366 346 1398 auri
369 1372 404 1398 et
428 1366 496 1398 duo
520 1371 633 1397 castra
656 1364 693 1396 in
716 1364 960 1403 Romandi01a‚
986 1364 1151 1397 videlicet
1167 1365 1303 1408 Lugum
1327 1371 1361 1397 et
1386 1365 1607 1398 Consilicem.
1655 1366 1701 1398 Et
1716 1371 1799 1398 tunc
1817 1367 1932 1399 dictus
1946 1367 2121 1410 Johannes

270 1419 314 1452 de
338 1418 466 1451 Sancto
489 1418 636 1462 Zeorgio
660 1418 725 1451 ivit
748 1417 958 1450 Barbianum
982 1428 1060 1450 curn
1084 1418 1192 1461 signis
1217 1418 1388 1450 dictorum
1414 1419 1559 1451 duorum
1583 1425 1773 1452 castrorum
1797 1426 1831 1452 et
1852 1430 1930 1451 cum
1946 1426 1997 1452 tot
2012 1420 2121 1464 zoglis

270 1477 305 1504 et
338 1472 552 1516 argenteriis,
588 1481 676 1514 quae
710 1470 871 1503 valebant
907 1470 1020 1502 dictos
1058 1473 1155 1502 xxxm
1186 1471 1340 1503 ducatos.
1387 1471 1431 1504 Et
1463 1472 1578 1503 dictus
1607 1472 1783 1515 johannes
1820 1472 1970 1505 habebat
2004 1483 2120 1505 secum

268 1535 373 1556 unum
398 1535 495 1556 suum
518 1524 626 1556 filium
649 1534 712 1566 pro
736 1523 881 1556 ostatice
913 1529 947 1555 et
979 1535 1084 1555 unum
1115 1524 1221 1556 alium
1253 1524 1430 1558 dimiserat
1462 1525 1499 1556 in
1530 1524 1684 1564 Feraria,
1718 1526 1779 1568 qui
1810 1531 1884 1558 erat
1914 1531 2120 1571 praeceptor

271 1577 392 1610 Sancti
414 1576 561 1610 Antonii
586 1577 630 1609 de
652 1575 819 1609 Bononia.
866 1577 911 1609 Et
934 1577 984 1608 sic
1009 1577 1155 1609 durante
1180 1578 1275 1609 dicto
1299 1583 1460 1617 tractatu,
1486 1579 1567 1610 dum
1593 1578 1707 1611 dictus
1736 1579 1913 1622 Johannes
1943 1584 2120 1611 coenasset

269 1641 347 1662 cum
370 1630 560 1673 praedictis
583 1630 709 1662 comite
731 1630 889 1673 Johanne
911 1635 945 1662 et
969 1630 1130 1669 Cosilice,
1149 1631 1263 1663 dictus
1279 1631 1430 1663 Cosilice
1447 1631 1539 1663 dixit
1556 1631 1651 1663 dicto
1667 1632 1835 1674 Johanni:
1855 1651 1896 1655 —-
1909 1632 1947 1665 Io
1957 1632 2036 1665 voio
2060 1643 2121 1664 an-

269 1683 352 1716 dare
369 1695 390 1716 a
404 1683 535 1716 fornii-e
551 1683 585 1715 la
600 1683 783 1715 faccenda.
797 1702 838 1706 —
852 1683 897 1715 Et
913 1682 1026 1715 subito
1045 1683 1202 1716 discessit
1218 1690 1252 1716 et
1268 1684 1406 1716 iverunt
1430 1685 1473 1717 de
1489 1684 1626 1728 brigata
1643 1685 1793 1717 invicem
1810 1695 1925 1717 comes
1946 1685 2122 1728 Johannes

270 1736 419 1769 Cosilice
441 1742 476 1769 et
497 1736 673 1780 Johannes
695 1732 742 1769 ad
765 1736 904 1768 domum
928 1736 1015 1768 dicti
1038 1735 1202 1780 Aconis;'
1227 1742 1261 1769 et
1284 1737 1452 1770 intrantes
1477 1738 1614 1770 domum
1641 1738 1727 1770 dicti
1759 1738 1891 1782 Aeonis
1915 1738 2122 1771 invenerunt

268 1791 451 1834 quemdam
474 1795 634 1822 vocatum
659 1788 790 1822 Cervus
814 1790 857 1821 de
872 1789 1021 1828 Mutina,
1039 1790 1098 1832 qui
1115 1791 1218 1822 valde
1234 1790 1451 1822 similabatur
1467 1791 1562 1823 dicto
1578 1789 1693 1834 Aconi
1706 1796 1744 1823 'et
1760 1791 1872 1834 ipsum
1889 1790 2038 1824 Cervum
2061 1802 2121 1824 ve-

267 1843 410 1875 stierant
426 1843 470 1875 de
485 1842 638 1875 vestibus
652 1843 761 1884 ipsius
776 1841 909 1886 Aeonis
924 1848 959 1875 et
974 1842 1221 1876 ordinaverant
1244 1844 1338 1886 quod
1361 1844 1435 1886 ipse
1459 1844 1589 1876 Cervus
1612 1850 1699 1876 esset
1723 1845 1769 1876 ad
1793 1845 1907 1876 locum
1928 1855 2119 1877 comunem.

266 1896 311 1929 Et
333 1901 415 1929 tunc
440 1896 554 1929 dictus
576 1896 727 1929 Cosilice
750 1895 815 1928 ivit
838 1896 885 1928 ad
907 1896 1021 1928 locum
1045 1906 1225 1928 comunem
1241 1902 1275 1929 et
1291 1897 1486 1929 vulneravit
1502 1897 1614 1938 ipsum
1630 1897 1778 1930 Cervum
1796 1897 1913 1929 multis
1928 1897 2120 1939 percussio-

266 1949 368 1982 nibus
390 1955 424 1982 et
446 1949 559 1991 ipsum
583 1948 760 1980 interfecit
784 1954 818 1980 et
841 1949 1036 1980 vulneravit
1052 1949 1164 1991 ipsum
1180 1949 1320 1981 fortiter
1335 1949 1372 1981 in
1388 1950 1491 1988 facie,
1509 1955 1547 1982 ut
1563 1960 1632 1981 non
1649 1949 1736 1982 bene
1753 1956 2027 1993 cognosceretur.
2074 1951 2120 1983 Et

267 2012 346 2035 cum
357 2002 424 2034 hoc
436 2002 586 2041 secessit,
598 2001 695 2034 venit
707 2006 806 2033 extra
819 2007 854 2034 et
867 2001 958 2034 dixit
969 2002 1121 2044 Johanni
1135 2003 1178 2034 de
1196 2002 1325 2034 Sancto
1342 2002 1511 2046 Georgio:
1527 2020 1568 2025 —
1582 2003 1659 2046 Ego
1676 2003 1839 2035 interfeci
1854 2002 2013 2046 Aeonem
2029 2014 2119 2036 mar-

265 2055 440 2094 chionem3
454 2055 580 2093 venias,
597 2065 663 2099 ego
680 2055 859 2087 ostendam
871 2054 934 2087 tibi
949 2055 1061 2096 ipsum
1077 2062 1258 2087 mortuum.
1273 2074 1315 2079 —
1330 2056 1431 2087 Tunc
1447 2056 1622 2098 Johannes
1639 2056 1728 2088 vidit
1745 2056 1856 2097 ipsum
1873 2066 1952 2088 cum
1968 2056 2120 2089 vestibus

267 2108 355 2141 dicti
377 2107 509 2152 Aeonis
532 2114 567 2140 et
590 2108 742 2140 credidit
766 2108 879 2150 ipsum
902 2118 975 2140 esse
997 2107 1155 2152 Aeonem
1171 2115 1205 2141 et
1223 2109 1320 2141 dedit
1337 2108 1403 2141 sibi
1429 2109 1527 2152 signa
1544 2109 1718 2141 dictorum
1742 2114 1932 2141 castrorum
1949 2115 1984 2142 et
2000 2119 2117 2142 omnes

271 2161 383 2194 dictas
405 2162 530 2205 zoglas.
576 2161 622 2193 Et
645 2167 683 2193 ut
707 2161 883 2205 negotium
906 2161 1084 2193 videretur
1100 2172 1172 2194 esse
1188 2162 1310 2194 melius
1326 2173 1455 2201 verum,
1474 2162 1589 2194 dictus
1605 2162 1782 2195 Consilice
1798 2162 1892 2204 cepit
1910 2163 1996 2194 duos
2011 2163 2117 2195 sotios

269 2214 356 2246 dicti
378 2213 521 2258 Aeonis,
545 2214 606 2257 qui
629 2219 728 2246 erant
743 2214 804 2253 ibi,
826 2220 860 2246 et
884 2214 985 2247 duxit
1009 2215 1101 2256 ipsos
1125 2225 1251 2254 secum,
1275 2215 1417 2247 vidente
1442 2215 1537 2247 dicto
1560 2215 1729 2258 Johanne,
1747 2225 1815 2258 quo
1839 2216 1935 2248 facto
1960 2215 2117 2248 detinue-

222 2279 225 2281 ·
267 2273 348 2299 runt
371 2267 503 2300 dictum
525 2267 718 2310 Johannem
741 2273 776 2300 et
806 2267 914 2299 filium
945 2278 1053 2301 suum.
1101 2268 1172 2301 Sed
1204 2278 1348 2300 comune
1380 2267 1558 2301 Bononiae
1585 2269 1679 2300 misit
1707 2268 1756 2300 ibi
1781 2268 2044 2308 ambaxiatores,
2067 2269 2118 2301 ita

267 2320 361 2362 quod
385 2320 499 2352 dictus
521 2320 697 2363 Johannes
719 2320 788 2353 fuit
811 2321 993 2353 relassatus
1027 2326 1061 2353 et
1087 2321 1175 2353 filius
1198 2322 1362 2354 remansit
1397 2322 1447 2354 ibi
1483 2322 1650 2354 detentus.
1699 2322 1744 2354 Et
1774 2321 2005 2354 incontinenti
2036 2332 2115 2354 cum

267 2373 425 2405 dominus
440 2373 595 2405 marchio
619 2374 662 2405 de
685 2372 846 2406 Ferraria
869 2373 990 2406 habuit
1013 2384 1150 2412 novum,
1175 2375 1320 2407 credens
1343 2376 1437 2417 quod
1460 2374 1536 2419 Aeo
1560 2375 1715 2407 marchio
1739 2380 1826 2407 esset
1849 2385 1929 2407 vere
1952 2380 2116 2414 mortuus,

266 2425 359 2458 misit
381 2426 505 2458 multas
526 2431 646 2470 gentes
668 2436 732 2468 pro
756 2436 912 2468 corpore,
936 2433 974 2459 ut
997 2428 1145 2469 populus
1168 2427 1332 2460 Ferariae
1355 2429 1490 2460 videret
1514 2429 1626 2470 ipsum
1650 2434 1838 2466 mortuum3
1867 2434 1901 2460 et
1925 2428 2026 2460 datus
2048 2428 2117 2460 fuit

266 2478 316 2510 eis
340 2474 454 2511 dictus
477 2484 639 2511 mortuus.
675 2479 720 2512 Et
744 2479 825 2512 (111111
849 2480 916 2522 ipsi
939 2485 1118 2522 portarent
1133 2481 1230 2513 illum
1254 2487 1437 2520 mortuum,
1462 2487 1544 2514 tunc
1571 2481 1684 2515 dictus
1707 2480 1785 2525 A‚co
1801 2481 1956 2513 marchio
1979 2486 2116 2513 secutus

266 2531 335 2586 11υῇ1
357 2531 451 2574 ipsos
472 2542 535 2574 per
559 2532 627 2564 duo
650 2532 815 2564 milliaria
838 2539 872 2565 et
896 2533 990 2575 cepit
1013 2539 1048 2565 et
1071 2533 1249 2566 interfecit
1273 2534 1366 2576 ipsos
1389 2545 1507 2567 omnes
1530 2540 1564 2566 et
1589 2535 1691 2567 duxit
1715 2535 1807 2576 ipsos
1823 2534 1869 2566 ad
1885 2532 2096 2566 Barbianum
2104 2546 2113 2572 3

266 2589 300 2616 et
322 2584 389 2616 hoc
413 2585 481 2616 fuit
504 2595 573 2617 una
595 2586 795 2629 romagnola
819 2586 862 2618 de
885 2585 1068 2630 Romagna
1091 2592 1126 2619 et
1149 2586 1303 2619 bestialis
1327 2587 1370 2620 de
1394 2586 1561 2620 Bononia.

2147 784 2186 816 10

2148 1047 2185 1080 15

2144 1314 2187 1345 20

2143 1578 2184 1610 25

2144 1846 2186 1876 30

2141 2108 2182 2141 35

2140 2375 2182 2407 40

357 2637 490 2669 Eodem
512 2647 614 2677 anno,
639 2638 698 2670 die
720 2647 799 2679 XV1J
822 2638 953 2680 aprilis.
970 2657 1012 2662 —
1027 2638 1125 2683 Acco
1141 2640 1307 2679 marchio,
1326 2641 1369 2673 de
1385 2651 1453 2683 quo
1470 2652 1573 2683 supra
1590 2641 1676 2679 dixi,
1694 2641 1775 2673 dum
1791 2646 1878 2672 esset
1894 2650 1997 2682 super
2011 2639 2112 2672 terri·
2136 2638 2177 2672 45

267 2690 356 2722 torio
372 2688 552 2722 Ferrariae
569 2701 647 2723 cum
662 2691 814 2723 maxima
830 2692 1023 2735 quantitate
1039 2693 1245 2725 rusticorum
1262 2694 1308 2726 ad
1323 2693 1594 2738 guerecandum'
1608 2694 1749 2726 domino
1760 2693 1965 2732 marchioni,
1982 2692 2019 2724 in
2036 2693 2113 2725 loco

267 2742 362 2775 dicto
379 2742 504 2775 Strada
526 2743 596 2776 fuit
618 2743 800 2776 conflictus
822 2754 885 2786 per
906 2750 1026 2788 gentes
1051 2746 1182 2786 domini
1206 2746 1427 2785 march10nis‚
1452 2757 1531 2779 cum
1547 2747 1678 2779 auxilio
1695 2745 1965 2778 Bononiensium
1981 2751 2015 2777 et
2031 2744 2113 2778 Flo-

265 2796 477 2828 rentinorum
499 2802 535 2829 et
556 2796 712 2841 Astorgii
735 2797 779 2830 de
800 2797 1007 2838 Manfredis‚
1033 2799 1165 2831 domini
1188 2798 1389 2838 Faventiae;
1415 2801 1452 2832 in
1476 2810 1544 2843 quo
1581 2800 1746 2832 conflictu
1770 2799 1901 2832 dictum
1926 2798 1994 2831 fuit
2018 2799 2112 2842 quod

357 2921 386 2941 n
406 2913 524 2948 honore]
543 2923 624 2950 seg-ue
641 2917 721 2942 molto
738 2917 828 2949 spano
845 2916 936 2942 biatu-o
