<?xml version="1.0" encoding="UTF-8"?>
<!DOCTYPE html PUBLIC "-//W3C//DTD XHTML 1.0 Transitional//EN"
    "http://www.w3.org/TR/xhtml1/DTD/xhtml1-transitional.dtd">
<html xmlns="http://www.w3.org/1999/xhtml" xml:lang="en" lang="en">
 <head>
  <title>
</title>
<meta http-equiv="Content-Type" content="text/html;charset=utf-8" />
  <meta name='ocr-system' content='tesseract 3.04.00' />
  <meta name='ocr-capabilities' content='ocr_page ocr_carea ocr_par ocr_line ocrx_word'/>
</head>
<body>
  <div class='ocr_page' id='page_1' title='image "./rerumitalicarums182murauoft_0114.png"; bbox 0 0 2196 3424; ppageno 0'>
   <div class='ocr_carea' id='block_1_1' title="bbox 8 2471 139 2497">
    <p class='ocr_par' dir='ltr' id='par_1_1' title="bbox 8 2471 139 2497">
     <span class='ocr_line' id='line_1_1' title="bbox 8 2471 139 2497; baseline 0.008 -6"><span class='ocrx_word' id='word_1_1' title='bbox 8 2471 86 2497; x_wconf 76' lang='lat' dir='ltr'>Mun..</span> <span class='ocrx_word' id='word_1_2' title='bbox 102 2471 139 2492; x_wconf 75' lang='lat'>1⁴⁵</span> 
     </span>
    </p>
   </div>
   <div class='ocr_carea' id='block_1_2' title="bbox 237 207 2076 262">
    <p class='ocr_par' dir='ltr' id='par_1_2' title="bbox 237 207 2076 262">
     <span class='ocr_line' id='line_1_2' title="bbox 237 207 2076 262; baseline -0.006 -5"><span class='ocrx_word' id='word_1_3' title='bbox 237 216 284 262; x_wconf 74' lang='grc'>38</span> <span class='ocrx_word' id='word_1_4' title='bbox 770 210 1054 253; x_wconf 88' lang='grc' dir='ltr'>ΜΑΤΤΗΑΕΙ</span> <span class='ocrx_word' id='word_1_5' title='bbox 1082 215 1152 250; x_wconf 90' lang='lat' dir='ltr'>DE</span> <span class='ocrx_word' id='word_1_6' title='bbox 1182 207 1528 250; x_wconf 87' lang='lat' dir='ltr'>GRIFFONIBUS</span> <span class='ocrx_word' id='word_1_7' title='bbox 1790 213 2076 253; x_wconf 77' lang='lat' dir='ltr'>[AA.1328-13301</span> 
     </span>
    </p>
   </div>
   <div class='ocr_carea' id='block_1_3' title="bbox 311 342 2072 391">
    <p class='ocr_par' dir='ltr' id='par_1_3' title="bbox 311 342 2072 391">
     <span class='ocr_line' id='line_1_3' title="bbox 311 342 2072 391; baseline -0.006 -4"><span class='ocrx_word' id='word_1_8' title='bbox 311 355 443 387; x_wconf 89' lang='lat' dir='ltr'>Eodem</span> <span class='ocrx_word' id='word_1_9' title='bbox 467 362 567 384; x_wconf 89' lang='lat' dir='ltr'>anno.</span> <span class='ocrx_word' id='word_1_10' title='bbox 592 369 633 373; x_wconf 89' lang='lat'>—</span> <span class='ocrx_word' id='word_1_11' title='bbox 656 348 823 382; x_wconf 85' lang='lat' dir='ltr'>Dominus</span> <span class='ocrx_word' id='word_1_12' title='bbox 845 347 1034 391; x_wconf 67' lang='lat' dir='ltr'>Vereusius</span> <span class='ocrx_word' id='word_1_13' title='bbox 1058 346 1101 378; x_wconf 90' lang='lat' dir='ltr'>de</span> <span class='ocrx_word' id='word_1_14' title='bbox 1125 344 1247 377; x_wconf 89' lang='lat' dir='ltr'>Lando</span> <span class='ocrx_word' id='word_1_15' title='bbox 1272 343 1315 376; x_wconf 87' lang='lat' dir='ltr'>de</span> <span class='ocrx_word' id='word_1_16' title='bbox 1343 342 1522 375; x_wconf 86' lang='lat' dir='ltr'><strong>Placentia</strong></span> <span class='ocrx_word' id='word_1_17' title='bbox 1553 342 1702 375; x_wconf 79' lang='lat' dir='ltr'><strong>decessit</strong></span> <span class='ocrx_word' id='word_1_18' title='bbox 1732 342 1908 376; x_wconf 89' lang='lat' dir='ltr'>Bononiae</span> <span class='ocrx_word' id='word_1_19' title='bbox 1940 349 1975 376; x_wconf 89' lang='lat' dir='ltr'>et</span> <span class='ocrx_word' id='word_1_20' title='bbox 2007 344 2072 378; x_wconf 87' lang='lat' dir='ltr'>fuit</span> 
     </span>
    </p>
   </div>
   <div class='ocr_carea' id='block_1_4' title="bbox 222 393 2073 491">
    <p class='ocr_par' dir='ltr' id='par_1_4' title="bbox 222 393 2073 491">
     <span class='ocr_line' id='line_1_4' title="bbox 222 393 1618 449; baseline -0.009 -10"><span class='ocrx_word' id='word_1_21' title='bbox 222 406 373 449; x_wconf 88' lang='lat' dir='ltr'>sepultus</span> <span class='ocrx_word' id='word_1_22' title='bbox 395 403 571 436; x_wconf 84' lang='lat' dir='ltr'>Bononiae</span> <span class='ocrx_word' id='word_1_23' title='bbox 595 402 640 433; x_wconf 88' lang='lat' dir='ltr'>ad</span> <span class='ocrx_word' id='word_1_24' title='bbox 662 399 905 433; x_wconf 88' lang='lat' dir='ltr'>monasterium</span> <span class='ocrx_word' id='word_1_25' title='bbox 929 399 1073 430; x_wconf 76' lang='lat' dir='ltr'>fratrum</span> <span class='ocrx_word' id='word_1_26' title='bbox 1096 396 1273 428; x_wconf 88' lang='lat' dir='ltr'>Minorum</span> <span class='ocrx_word' id='word_1_27' title='bbox 1297 394 1407 426; x_wconf 86' lang='lat' dir='ltr'>sancti</span> <span class='ocrx_word' id='word_1_28' title='bbox 1430 393 1618 426; x_wconf 88' lang='lat' dir='ltr'>Francisci.</span> 
     </span>
     <span class='ocr_line' id='line_1_5' title="bbox 313 446 2073 491; baseline -0.005 -1"><span class='ocrx_word' id='word_1_29' title='bbox 313 457 446 490; x_wconf 89' lang='lat' dir='ltr'>Eodem</span> <span class='ocrx_word' id='word_1_30' title='bbox 470 465 571 488; x_wconf 90' lang='lat' dir='ltr'>anno.</span> <span class='ocrx_word' id='word_1_31' title='bbox 596 472 636 477; x_wconf 92' lang='lat'>—</span> <span class='ocrx_word' id='word_1_32' title='bbox 660 453 825 486; x_wconf 87' lang='lat' dir='ltr'><strong>Dominus</strong></span> <span class='ocrx_word' id='word_1_33' title='bbox 848 450 1059 484; x_wconf 87' lang='lat' dir='ltr'>Albertatius</span> <span class='ocrx_word' id='word_1_34' title='bbox 1082 450 1126 482; x_wconf 85' lang='lat' dir='ltr'>de</span> <span class='ocrx_word' id='word_1_35' title='bbox 1158 448 1367 482; x_wconf 87' lang='lat' dir='ltr'>Albertaciis</span> <span class='ocrx_word' id='word_1_36' title='bbox 1391 447 1434 480; x_wconf 92' lang='lat' dir='ltr'>de</span> <span class='ocrx_word' id='word_1_37' title='bbox 1459 446 1584 480; x_wconf 84' lang='lat' dir='ltr'>Parma</span> <span class='ocrx_word' id='word_1_38' title='bbox 1615 447 1682 480; x_wconf 80' lang='lat' dir='ltr'>fuit</span> <span class='ocrx_word' id='word_1_39' title='bbox 1712 448 1992 491; x_wconf 85' lang='lat' dir='ltr'>vicecapitaneus</span> <span class='ocrx_word' id='word_1_40' title='bbox 2023 450 2073 482; x_wconf 90' lang='lat' dir='ltr'>ci-</span> 
     </span>
    </p>
   </div>
   <div class='ocr_carea' id='block_1_5' title="bbox 226 506 2136 592">
    <p class='ocr_par' dir='ltr' id='par_1_5' title="bbox 226 506 2136 592">
     <span class='ocr_line' id='line_1_6' title="bbox 226 506 549 542; baseline -0.015 0"><span class='ocrx_word' id='word_1_41' title='bbox 226 509 340 542; x_wconf 88' lang='lat' dir='ltr'>vitatis</span> <span class='ocrx_word' id='word_1_42' title='bbox 362 506 549 540; x_wconf 88' lang='lat' dir='ltr'>Bononiae.</span> 
     </span>
     <span class='ocr_line' id='line_1_7' title="bbox 310 549 2136 592; baseline -0.005 -1"><span class='ocrx_word' id='word_1_43' title='bbox 310 559 444 592; x_wconf 90' lang='lat' dir='ltr'>Eodem</span> <span class='ocrx_word' id='word_1_44' title='bbox 467 567 569 589; x_wconf 91' lang='lat' dir='ltr'>anno.</span> <span class='ocrx_word' id='word_1_45' title='bbox 595 575 636 579; x_wconf 97' lang='lat'>—</span> <span class='ocrx_word' id='word_1_46' title='bbox 659 554 825 587; x_wconf 87' lang='lat' dir='ltr'>Dominus</span> <span class='ocrx_word' id='word_1_47' title='bbox 847 553 1048 586; x_wconf 88' lang='lat' dir='ltr'>Passarinus</span> <span class='ocrx_word' id='word_1_48' title='bbox 1072 551 1116 584; x_wconf 89' lang='lat' dir='ltr'>de</span> <span class='ocrx_word' id='word_1_49' title='bbox 1140 551 1330 583; x_wconf 90' lang='lat' dir='ltr'>Bonacosis</span> <span class='ocrx_word' id='word_1_50' title='bbox 1355 550 1398 583; x_wconf 90' lang='lat' dir='ltr'>de</span> <span class='ocrx_word' id='word_1_51' title='bbox 1421 549 1567 582; x_wconf 80' lang='lat' dir='ltr'>Mantua</span> <span class='ocrx_word' id='word_1_52' title='bbox 1590 550 1749 583; x_wconf 84' lang='lat' dir='ltr'>decessit.</span> <span class='ocrx_word' id='word_1_53' title='bbox 2118 550 2136 584; x_wconf 86' lang='lat'><strong>5</strong></span> 
     </span>
    </p>
   </div>
   <div class='ocr_carea' id='block_1_6' title="bbox 219 602 2072 759">
    <p class='ocr_par' dir='ltr' id='par_1_6' title="bbox 219 602 2072 759">
     <span class='ocr_line' id='line_1_8' title="bbox 308 602 2072 650; baseline -0.004 -6"><span class='ocrx_word' id='word_1_54' title='bbox 308 612 442 644; x_wconf 90' lang='lat' dir='ltr'>Eodem</span> <span class='ocrx_word' id='word_1_55' title='bbox 466 620 567 648; x_wconf 90' lang='lat' dir='ltr'>anno,</span> <span class='ocrx_word' id='word_1_56' title='bbox 593 609 649 641; x_wconf 92' lang='lat' dir='ltr'>die</span> <span class='ocrx_word' id='word_1_57' title='bbox 674 618 752 649; x_wconf 86' lang='lat' dir='ltr'><strong>XVIJ</strong></span> <span class='ocrx_word' id='word_1_58' title='bbox 773 607 869 650; x_wconf 85' lang='lat' dir='ltr'>junii.</span> <span class='ocrx_word' id='word_1_59' title='bbox 895 625 935 629; x_wconf 92' lang='lat'>—</span> <span class='ocrx_word' id='word_1_60' title='bbox 959 605 1158 638; x_wconf 90' lang='lat' dir='ltr'>Ludovicus</span> <span class='ocrx_word' id='word_1_61' title='bbox 1180 604 1333 636; x_wconf 87' lang='lat' dir='ltr'>Bavarus</span> <span class='ocrx_word' id='word_1_62' title='bbox 1347 614 1385 635; x_wconf 89' lang='lat' dir='ltr'>se</span> <span class='ocrx_word' id='word_1_63' title='bbox 1401 603 1446 635; x_wconf 89' lang='lat' dir='ltr'>de</span> <span class='ocrx_word' id='word_1_64' title='bbox 1463 603 1558 636; x_wconf 84' lang='lat' dir='ltr'>facto</span> <span class='ocrx_word' id='word_1_65' title='bbox 1575 602 1661 635; x_wconf 80' lang='lat' dir='ltr'>fecit</span> <span class='ocrx_word' id='word_1_66' title='bbox 1676 602 1811 635; x_wconf 91' lang='lat' dir='ltr'>Romae</span> <span class='ocrx_word' id='word_1_67' title='bbox 1828 604 1996 643; x_wconf 89' lang='lat' dir='ltr'>coronari,</span> <span class='ocrx_word' id='word_1_68' title='bbox 2012 605 2072 647; x_wconf 91' lang='lat' dir='ltr'>qui</span> 
     </span>
     <span class='ocr_line' id='line_1_9' title="bbox 219 655 2071 707; baseline -0.005 -9"><span class='ocrx_word' id='word_1_69' title='bbox 219 667 263 699; x_wconf 88' lang='lat' dir='ltr'>de</span> <span class='ocrx_word' id='word_1_70' title='bbox 286 675 404 697; x_wconf 87' lang='lat' dir='ltr'>mense</span> <span class='ocrx_word' id='word_1_71' title='bbox 433 663 507 707; x_wconf 86' lang='lat' dir='ltr'>julii</span> <span class='ocrx_word' id='word_1_72' title='bbox 536 662 719 704; x_wconf 89' lang='lat' dir='ltr'>sequentis,</span> <span class='ocrx_word' id='word_1_73' title='bbox 742 665 892 693; x_wconf 87' lang='lat' dir='ltr'>tractatu</span> <span class='ocrx_word' id='word_1_74' title='bbox 914 670 1025 701; x_wconf 90' lang='lat' dir='ltr'>papae</span> <span class='ocrx_word' id='word_1_75' title='bbox 1052 657 1220 701; x_wconf 91' lang='lat' dir='ltr'>Johannis</span> <span class='ocrx_word' id='word_1_76' title='bbox 1252 662 1287 689; x_wconf 88' lang='lat' dir='ltr'>et</span> <span class='ocrx_word' id='word_1_77' title='bbox 1308 656 1401 699; x_wconf 86' lang='lat' dir='ltr'>regis</span> <span class='ocrx_word' id='word_1_78' title='bbox 1424 656 1582 694; x_wconf 90' lang='lat' dir='ltr'>Roberti,</span> <span class='ocrx_word' id='word_1_79' title='bbox 1606 655 1672 688; x_wconf 78' lang='lat' dir='ltr'>fuit</span> <span class='ocrx_word' id='word_1_80' title='bbox 1695 656 1856 698; x_wconf 88' lang='lat' dir='ltr'>expulsus</span> <span class='ocrx_word' id='word_1_81' title='bbox 1879 656 1923 689; x_wconf 89' lang='lat' dir='ltr'>de</span> <span class='ocrx_word' id='word_1_82' title='bbox 1947 657 2071 689; x_wconf 90' lang='lat' dir='ltr'>Roma.</span> 
     </span>
     <span class='ocr_line' id='line_1_10' title="bbox 308 708 2072 759; baseline -0.005 -9"><span class='ocrx_word' id='word_1_83' title='bbox 308 719 410 750; x_wconf 91' lang='lat' dir='ltr'>Tunc</span> <span class='ocrx_word' id='word_1_84' title='bbox 427 717 519 759; x_wconf 92' lang='lat' dir='ltr'>apud</span> <span class='ocrx_word' id='word_1_85' title='bbox 534 716 683 748; x_wconf 87' lang='lat' dir='ltr'>Pisciam</span> <span class='ocrx_word' id='word_1_86' title='bbox 700 714 881 747; x_wconf 84' lang='lat' dir='ltr'>comitatus</span> <span class='ocrx_word' id='word_1_87' title='bbox 896 713 1013 745; x_wconf 88' lang='lat' dir='ltr'>Lucae</span> <span class='ocrx_word' id='word_1_88' title='bbox 1031 716 1183 744; x_wconf 84' lang='lat' dir='ltr'>mortuus</span> <span class='ocrx_word' id='word_1_89' title='bbox 1197 715 1248 742; x_wconf 87' lang='lat' dir='ltr'>est</span> <span class='ocrx_word' id='word_1_90' title='bbox 1264 709 1440 742; x_wconf 88' lang='lat' dir='ltr'>Galeatius</span> <span class='ocrx_word' id='word_1_91' title='bbox 1456 708 1666 742; x_wconf 88' lang='lat' dir='ltr'>Vicecomes</span> <span class='ocrx_word' id='word_1_92' title='bbox 1679 709 1723 741; x_wconf 92' lang='lat' dir='ltr'>de</span> <span class='ocrx_word' id='word_1_93' title='bbox 1740 708 1953 748; x_wconf 87' lang='lat' dir='ltr'>Mediolano,</span> <span class='ocrx_word' id='word_1_94' title='bbox 1971 720 2072 752; x_wconf 90' lang='lat' dir='ltr'>quem</span> 
     </span>
    </p>
   </div>
   <div class='ocr_carea' id='block_1_7' title="bbox 221 767 2137 861">
    <p class='ocr_par' dir='ltr' id='par_1_7' title="bbox 221 767 2137 861">
     <span class='ocr_line' id='line_1_11' title="bbox 221 767 852 811; baseline -0.01 -7"><span class='ocrx_word' id='word_1_95' title='bbox 221 772 333 804; x_wconf 88' lang='lat' dir='ltr'>dictus</span> <span class='ocrx_word' id='word_1_96' title='bbox 355 771 508 803; x_wconf 84' lang='lat' dir='ltr'>Bavarus</span> <span class='ocrx_word' id='word_1_97' title='bbox 532 775 669 811; x_wconf 87' lang='lat' dir='ltr'>captum</span> <span class='ocrx_word' id='word_1_98' title='bbox 694 767 852 799; x_wconf 91' lang='lat' dir='ltr'>ducebat.</span> 
     </span>
     <span class='ocr_line' id='line_1_12' title="bbox 307 815 2137 861; baseline -0.003 -6"><span class='ocrx_word' id='word_1_99' title='bbox 307 822 439 855; x_wconf 92' lang='lat' dir='ltr'>Eodem</span> <span class='ocrx_word' id='word_1_100' title='bbox 463 831 562 859; x_wconf 90' lang='lat' dir='ltr'>anno,</span> <span class='ocrx_word' id='word_1_101' title='bbox 594 821 638 852; x_wconf 86' lang='lat' dir='ltr'>de</span> <span class='ocrx_word' id='word_1_102' title='bbox 668 829 785 851; x_wconf 90' lang='lat' dir='ltr'>mense</span> <span class='ocrx_word' id='word_1_103' title='bbox 809 817 955 861; x_wconf 85' lang='lat' dir='ltr'>augusti.</span> <span class='ocrx_word' id='word_1_104' title='bbox 980 835 1021 839; x_wconf 93' lang='lat'><strong>—</strong></span> <span class='ocrx_word' id='word_1_105' title='bbox 1046 815 1238 848; x_wconf 88' lang='lat' dir='ltr'>Castrutius</span> <span class='ocrx_word' id='word_1_106' title='bbox 1262 817 1305 849; x_wconf 89' lang='lat' dir='ltr'>de</span> <span class='ocrx_word' id='word_1_107' title='bbox 1329 816 1573 849; x_wconf 90' lang='lat' dir='ltr'>Interminellis</span> <span class='ocrx_word' id='word_1_108' title='bbox 1597 816 1641 848; x_wconf 94' lang='lat' dir='ltr'>de</span> <span class='ocrx_word' id='word_1_109' title='bbox 1664 816 1762 849; x_wconf 86' lang='lat' dir='ltr'>Luca</span> <span class='ocrx_word' id='word_1_110' title='bbox 1785 822 1937 850; x_wconf 87' lang='lat' dir='ltr'>mortuus</span> <span class='ocrx_word' id='word_1_111' title='bbox 1960 822 2012 849; x_wconf 89' lang='lat' dir='ltr'>est</span> <span class='ocrx_word' id='word_1_112' title='bbox 2035 823 2070 850; x_wconf 85' lang='lat' dir='ltr'>et</span> <span class='ocrx_word' id='word_1_113' title='bbox 2098 817 2137 849; x_wconf 85' lang='lat'>10</span> 
     </span>
    </p>
   </div>
   <div class='ocr_carea' id='block_1_8' title="bbox 218 869 2133 1173">
    <p class='ocr_par' dir='ltr' id='par_1_8' title="bbox 218 869 2133 1173">
     <span class='ocr_line' id='line_1_13' title="bbox 220 869 1688 909; baseline -0.004 -1"><span class='ocrx_word' id='word_1_114' title='bbox 220 875 346 908; x_wconf 88' lang='lat' dir='ltr'>dimisit</span> <span class='ocrx_word' id='word_1_115' title='bbox 368 875 445 906; x_wconf 89' lang='lat' dir='ltr'>filiis</span> <span class='ocrx_word' id='word_1_116' title='bbox 467 874 535 906; x_wconf 89' lang='lat' dir='ltr'>suis</span> <span class='ocrx_word' id='word_1_117' title='bbox 558 872 746 906; x_wconf 90' lang='lat' dir='ltr'>dominium</span> <span class='ocrx_word' id='word_1_118' title='bbox 771 871 946 904; x_wconf 89' lang='lat' dir='ltr'>civitatum</span> <span class='ocrx_word' id='word_1_119' title='bbox 969 870 1123 908; x_wconf 90' lang='lat' dir='ltr'>Luchae,</span> <span class='ocrx_word' id='word_1_120' title='bbox 1147 869 1314 909; x_wconf 87' lang='lat' dir='ltr'>Pisarum,</span> <span class='ocrx_word' id='word_1_121' title='bbox 1338 869 1475 903; x_wconf 87' lang='lat' dir='ltr'>Pistorii</span> <span class='ocrx_word' id='word_1_122' title='bbox 1499 876 1534 902; x_wconf 92' lang='lat' dir='ltr'>et</span> <span class='ocrx_word' id='word_1_123' title='bbox 1556 869 1688 902; x_wconf 89' lang='lat' dir='ltr'>Lunae.</span> 
     </span>
     <span class='ocr_line' id='line_1_14' title="bbox 307 923 2070 969; baseline -0.002 -8"><span class='ocrx_word' id='word_1_124' title='bbox 307 929 441 962; x_wconf 91' lang='lat' dir='ltr'>Eodem</span> <span class='ocrx_word' id='word_1_125' title='bbox 464 938 565 966; x_wconf 88' lang='lat' dir='ltr'>anno,</span> <span class='ocrx_word' id='word_1_126' title='bbox 590 928 633 960; x_wconf 90' lang='lat' dir='ltr'>de</span> <span class='ocrx_word' id='word_1_127' title='bbox 657 937 775 958; x_wconf 90' lang='lat' dir='ltr'>mense</span> <span class='ocrx_word' id='word_1_128' title='bbox 798 925 942 969; x_wconf 86' lang='lat' dir='ltr'>augusti.</span> <span class='ocrx_word' id='word_1_129' title='bbox 968 942 1009 946; x_wconf 87' lang='lat'><em>—</em></span> <span class='ocrx_word' id='word_1_130' title='bbox 1033 924 1159 962; x_wconf 91' lang='lat' dir='ltr'>Guido‚</span> <span class='ocrx_word' id='word_1_131' title='bbox 1183 923 1357 956; x_wconf 89' lang='lat' dir='ltr'>Feltrinus</span> <span class='ocrx_word' id='word_1_132' title='bbox 1381 928 1415 955; x_wconf 90' lang='lat' dir='ltr'>et</span> <span class='ocrx_word' id='word_1_133' title='bbox 1438 923 1631 965; x_wconf 87' lang='lat' dir='ltr'>Filippinus</span> <span class='ocrx_word' id='word_1_134' title='bbox 1662 923 1705 956; x_wconf 93' lang='lat' dir='ltr'>de</span> <span class='ocrx_word' id='word_1_135' title='bbox 1738 923 1914 967; x_wconf 73' lang='lat' dir='ltr'>Goncaga,</span> <span class='ocrx_word' id='word_1_136' title='bbox 1937 930 2070 957; x_wconf 89' lang='lat' dir='ltr'>mortuo</span> 
     </span>
     <span class='ocr_line' id='line_1_15' title="bbox 218 977 2068 1021; baseline -0.002 -6"><span class='ocrx_word' id='word_1_137' title='bbox 218 982 355 1015; x_wconf 91' lang='lat' dir='ltr'>domino</span> <span class='ocrx_word' id='word_1_138' title='bbox 378 981 560 1014; x_wconf 89' lang='lat' dir='ltr'>Passarino</span> <span class='ocrx_word' id='word_1_139' title='bbox 584 986 618 1012; x_wconf 93' lang='lat' dir='ltr'>et</span> <span class='ocrx_word' id='word_1_140' title='bbox 642 978 890 1012; x_wconf 87' lang='lat' dir='ltr'>Francischino</span> <span class='ocrx_word' id='word_1_141' title='bbox 915 978 987 1021; x_wconf 87' lang='lat' dir='ltr'>ejus</span> <span class='ocrx_word' id='word_1_142' title='bbox 1010 977 1091 1016; x_wconf 90' lang='lat' dir='ltr'>filio,</span> <span class='ocrx_word' id='word_1_143' title='bbox 1115 983 1329 1019; x_wconf 89' lang='lat' dir='ltr'>acceperunt</span> <span class='ocrx_word' id='word_1_144' title='bbox 1351 987 1415 1019; x_wconf 93' lang='lat' dir='ltr'>pro</span> <span class='ocrx_word' id='word_1_145' title='bbox 1446 987 1483 1009; x_wconf 87' lang='lat' dir='ltr'>se</span> <span class='ocrx_word' id='word_1_146' title='bbox 1508 977 1696 1010; x_wconf 85' lang='lat' dir='ltr'>dominium</span> <span class='ocrx_word' id='word_1_147' title='bbox 1721 977 1868 1010; x_wconf 87' lang='lat' dir='ltr'>civitatis</span> <span class='ocrx_word' id='word_1_148' title='bbox 1891 978 2068 1011; x_wconf 80' lang='lat' dir='ltr'>Mantuae.</span> 
     </span>
     <span class='ocr_line' id='line_1_16' title="bbox 287 1029 2069 1068; baseline -0.003 0"><span class='ocrx_word' id='word_1_149' title='bbox 287 1035 420 1068; x_wconf 88' lang='lat' dir='ltr'>Eodem</span> <span class='ocrx_word' id='word_1_150' title='bbox 444 1044 535 1067; x_wconf 89' lang='lat' dir='ltr'>anno</span> <span class='ocrx_word' id='word_1_151' title='bbox 558 1031 868 1067; x_wconf 87' lang='lat' dir='ltr'>M.CCCXXVIII.</span> <span class='ocrx_word' id='word_1_152' title='bbox 893 1050 934 1054; x_wconf 90' lang='lat'>—-</span> <span class='ocrx_word' id='word_1_153' title='bbox 958 1031 1088 1063; x_wconf 85' lang='lat' dir='ltr'>Omnes</span> <span class='ocrx_word' id='word_1_154' title='bbox 1112 1031 1155 1062; x_wconf 90' lang='lat' dir='ltr'>de</span> <span class='ocrx_word' id='word_1_155' title='bbox 1181 1030 1284 1062; x_wconf 92' lang='lat' dir='ltr'>domo</span> <span class='ocrx_word' id='word_1_156' title='bbox 1308 1031 1352 1062; x_wconf 92' lang='lat' dir='ltr'>de</span> <span class='ocrx_word' id='word_1_157' title='bbox 1376 1030 1510 1063; x_wconf 91' lang='lat' dir='ltr'>Rubeis</span> <span class='ocrx_word' id='word_1_158' title='bbox 1527 1031 1570 1062; x_wconf 86' lang='lat' dir='ltr'>de</span> <span class='ocrx_word' id='word_1_159' title='bbox 1587 1029 1712 1063; x_wconf 87' lang='lat' dir='ltr'>Parma</span> <span class='ocrx_word' id='word_1_160' title='bbox 1736 1040 1814 1063; x_wconf 90' lang='lat' dir='ltr'>cum</span> <span class='ocrx_word' id='word_1_161' title='bbox 1837 1030 1963 1064; x_wconf 89' lang='lat' dir='ltr'>auxilio</span> <span class='ocrx_word' id='word_1_162' title='bbox 1986 1031 2069 1064; x_wconf 90' lang='lat' dir='ltr'>ami-</span> 
     </span>
     <span class='ocr_line' id='line_1_17' title="bbox 218 1083 2133 1129; baseline -0.005 -7"><span class='ocrx_word' id='word_1_163' title='bbox 218 1099 336 1122; x_wconf 86' lang='lat' dir='ltr'>corum</span> <span class='ocrx_word' id='word_1_164' title='bbox 359 1099 497 1122; x_wconf 88' lang='lat' dir='ltr'>suorum</span> <span class='ocrx_word' id='word_1_165' title='bbox 519 1093 731 1129; x_wconf 86' lang='lat' dir='ltr'>acceperunt</span> <span class='ocrx_word' id='word_1_166' title='bbox 755 1085 929 1118; x_wconf 88' lang='lat' dir='ltr'>civitatem</span> <span class='ocrx_word' id='word_1_167' title='bbox 952 1084 1096 1117; x_wconf 89' lang='lat' dir='ltr'>Parmae</span> <span class='ocrx_word' id='word_1_168' title='bbox 1121 1084 1262 1116; x_wconf 90' lang='lat' dir='ltr'>domino</span> <span class='ocrx_word' id='word_1_169' title='bbox 1294 1083 1419 1127; x_wconf 86' lang='lat' dir='ltr'>legato.</span> <span class='ocrx_word' id='word_1_170' title='bbox 2096 1084 2133 1117; x_wconf 90' lang='lat'>15</span> 
     </span>
     <span class='ocr_line' id='line_1_18' title="bbox 304 1134 2068 1173; baseline -0.003 0"><span class='ocrx_word' id='word_1_171' title='bbox 304 1140 438 1173; x_wconf 90' lang='lat' dir='ltr'>Eodem</span> <span class='ocrx_word' id='word_1_172' title='bbox 461 1149 562 1171; x_wconf 88' lang='lat' dir='ltr'>anno.</span> <span class='ocrx_word' id='word_1_173' title='bbox 587 1156 629 1161; x_wconf 92' lang='lat'>——</span> <span class='ocrx_word' id='word_1_174' title='bbox 651 1137 819 1170; x_wconf 89' lang='lat' dir='ltr'>Dominus</span> <span class='ocrx_word' id='word_1_175' title='bbox 842 1135 971 1169; x_wconf 91' lang='lat' dir='ltr'>Chanis</span> <span class='ocrx_word' id='word_1_176' title='bbox 995 1134 1038 1167; x_wconf 91' lang='lat' dir='ltr'>de</span> <span class='ocrx_word' id='word_1_177' title='bbox 1063 1135 1096 1167; x_wconf 90' lang='lat' dir='ltr'>la</span> <span class='ocrx_word' id='word_1_178' title='bbox 1120 1134 1223 1167; x_wconf 88' lang='lat' dir='ltr'>Scala</span> <span class='ocrx_word' id='word_1_179' title='bbox 1247 1135 1291 1167; x_wconf 89' lang='lat' dir='ltr'>de</span> <span class='ocrx_word' id='word_1_180' title='bbox 1314 1134 1457 1167; x_wconf 87' lang='lat' dir='ltr'>Verona</span> <span class='ocrx_word' id='word_1_181' title='bbox 1480 1134 1598 1167; x_wconf 86' lang='lat' dir='ltr'>habuit</span> <span class='ocrx_word' id='word_1_182' title='bbox 1622 1135 1809 1168; x_wconf 90' lang='lat' dir='ltr'>dominium</span> <span class='ocrx_word' id='word_1_183' title='bbox 1833 1135 1981 1168; x_wconf 89' lang='lat' dir='ltr'>civitatis</span> <span class='ocrx_word' id='word_1_184' title='bbox 2003 1135 2068 1168; x_wconf 85' lang='lat' dir='ltr'>Pa-</span> 
     </span>
    </p>
   </div>
   <div class='ocr_carea' id='block_1_9' title="bbox 217 1188 2069 1282">
    <p class='ocr_par' dir='ltr' id='par_1_9' title="bbox 217 1188 2069 1282">
     <span class='ocr_line' id='line_1_19' title="bbox 217 1188 1086 1232; baseline -0.007 -6"><span class='ocrx_word' id='word_1_185' title='bbox 217 1194 316 1232; x_wconf 90' lang='lat' dir='ltr'>duae,</span> <span class='ocrx_word' id='word_1_186' title='bbox 340 1198 481 1226; x_wconf 89' lang='lat' dir='ltr'>auctore</span> <span class='ocrx_word' id='word_1_187' title='bbox 505 1191 645 1224; x_wconf 89' lang='lat' dir='ltr'>domino</span> <span class='ocrx_word' id='word_1_188' title='bbox 668 1189 824 1223; x_wconf 88' lang='lat' dir='ltr'>Marsilio</span> <span class='ocrx_word' id='word_1_189' title='bbox 848 1189 892 1221; x_wconf 86' lang='lat' dir='ltr'>de</span> <span class='ocrx_word' id='word_1_190' title='bbox 915 1188 1086 1221; x_wconf 81' lang='lat' dir='ltr'>Carraria.</span> 
     </span>
     <span class='ocr_line' id='line_1_20' title="bbox 305 1238 2069 1282; baseline -0.002 -6"><span class='ocrx_word' id='word_1_191' title='bbox 305 1244 439 1276; x_wconf 92' lang='lat' dir='ltr'>Eodem</span> <span class='ocrx_word' id='word_1_192' title='bbox 462 1253 563 1275; x_wconf 90' lang='lat' dir='ltr'>anno.</span> <span class='ocrx_word' id='word_1_193' title='bbox 590 1260 627 1265; x_wconf 93' lang='lat'>—</span> <span class='ocrx_word' id='word_1_194' title='bbox 652 1241 836 1273; x_wconf 76' lang='lat' dir='ltr'>praefatus</span> <span class='ocrx_word' id='word_1_195' title='bbox 860 1240 1019 1272; x_wconf 88' lang='lat' dir='ltr'>dominus</span> <span class='ocrx_word' id='word_1_196' title='bbox 1041 1239 1186 1282; x_wconf 87' lang='lat' dir='ltr'>legatus,</span> <span class='ocrx_word' id='word_1_197' title='bbox 1211 1238 1267 1270; x_wconf 90' lang='lat' dir='ltr'>die</span> <span class='ocrx_word' id='word_1_198' title='bbox 1291 1248 1371 1280; x_wconf 70' lang='lat' dir='ltr'>xva</span> <span class='ocrx_word' id='word_1_199' title='bbox 1394 1239 1520 1271; x_wconf 86' lang='lat' dir='ltr'>mensis</span> <span class='ocrx_word' id='word_1_200' title='bbox 1543 1239 1665 1278; x_wconf 88' lang='lat' dir='ltr'>martii,</span> <span class='ocrx_word' id='word_1_201' title='bbox 1690 1240 1836 1273; x_wconf 87' lang='lat' dir='ltr'>restituit</span> <span class='ocrx_word' id='word_1_202' title='bbox 1859 1249 1979 1272; x_wconf 88' lang='lat' dir='ltr'>omnes</span> <span class='ocrx_word' id='word_1_203' title='bbox 2000 1240 2069 1273; x_wconf 94' lang='lat' dir='ltr'>Bo-</span> 
     </span>
    </p>
   </div>
   <div class='ocr_carea' id='block_1_10' title="bbox 211 1291 2133 2244">
    <p class='ocr_par' dir='ltr' id='par_1_10' title="bbox 215 1291 2133 1761">
     <span class='ocr_line' id='line_1_21' title="bbox 215 1291 2070 1339; baseline -0.002 -9"><span class='ocrx_word' id='word_1_204' title='bbox 215 1297 399 1330; x_wconf 88' lang='lat' dir='ltr'>nonienses</span> <span class='ocrx_word' id='word_1_205' title='bbox 422 1296 592 1339; x_wconf 78' lang='lat' dir='ltr'>expuISOS,</span> <span class='ocrx_word' id='word_1_206' title='bbox 615 1294 780 1327; x_wconf 88' lang='lat' dir='ltr'>videlicet</span> <span class='ocrx_word' id='word_1_207' title='bbox 802 1298 935 1336; x_wconf 89' lang='lat' dir='ltr'>partem</span> <span class='ocrx_word' id='word_1_208' title='bbox 958 1292 1106 1325; x_wconf 87' lang='lat' dir='ltr'>Romaei</span> <span class='ocrx_word' id='word_1_209' title='bbox 1130 1293 1174 1324; x_wconf 90' lang='lat' dir='ltr'>de</span> <span class='ocrx_word' id='word_1_210' title='bbox 1197 1291 1339 1334; x_wconf 90' lang='lat' dir='ltr'>Pepolis</span> <span class='ocrx_word' id='word_1_211' title='bbox 1362 1299 1397 1325; x_wconf 89' lang='lat' dir='ltr'>et</span> <span class='ocrx_word' id='word_1_212' title='bbox 1420 1303 1540 1325; x_wconf 89' lang='lat' dir='ltr'>omnes</span> <span class='ocrx_word' id='word_1_213' title='bbox 1563 1293 1650 1326; x_wconf 88' lang='lat' dir='ltr'>alios</span> <span class='ocrx_word' id='word_1_214' title='bbox 1673 1293 1843 1336; x_wconf 87' lang='lat' dir='ltr'>expulsos,</span> <span class='ocrx_word' id='word_1_215' title='bbox 1867 1300 1902 1326; x_wconf 89' lang='lat' dir='ltr'>et</span> <span class='ocrx_word' id='word_1_216' title='bbox 1923 1293 2070 1327; x_wconf 78' lang='lat' dir='ltr'>restituit</span> 
     </span>
     <span class='ocr_line' id='line_1_22' title="bbox 218 1345 2133 1389; baseline -0.006 -6"><span class='ocrx_word' id='word_1_217' title='bbox 218 1351 268 1383; x_wconf 89' lang='lat' dir='ltr'>eis</span> <span class='ocrx_word' id='word_1_218' title='bbox 290 1350 405 1383; x_wconf 86' lang='lat' dir='ltr'>omnia</span> <span class='ocrx_word' id='word_1_219' title='bbox 427 1360 489 1382; x_wconf 85' lang='lat' dir='ltr'>sua</span> <span class='ocrx_word' id='word_1_220' title='bbox 511 1349 611 1387; x_wconf 89' lang='lat' dir='ltr'>bona,</span> <span class='ocrx_word' id='word_1_221' title='bbox 636 1347 793 1389; x_wconf 85' lang='lat' dir='ltr'>exceptis</span> <span class='ocrx_word' id='word_1_222' title='bbox 817 1345 1023 1379; x_wconf 89' lang='lat' dir='ltr'>Ghibellinis</span> <span class='ocrx_word' id='word_1_223' title='bbox 1046 1346 1206 1388; x_wconf 84' lang='lat' dir='ltr'>antiquis.</span> <span class='ocrx_word' id='word_1_224' title='bbox 2090 1349 2133 1380; x_wconf 86' lang='lat'>20</span> 
     </span>
     <span class='ocr_line' id='line_1_23' title="bbox 303 1396 2067 1440; baseline -0.001 -6"><span class='ocrx_word' id='word_1_225' title='bbox 303 1401 437 1434; x_wconf 90' lang='lat' dir='ltr'>Eodem</span> <span class='ocrx_word' id='word_1_226' title='bbox 460 1410 562 1438; x_wconf 91' lang='lat' dir='ltr'>anno,</span> <span class='ocrx_word' id='word_1_227' title='bbox 579 1405 614 1432; x_wconf 89' lang='lat' dir='ltr'>et</span> <span class='ocrx_word' id='word_1_228' title='bbox 628 1409 756 1430; x_wconf 87' lang='lat' dir='ltr'>mense.</span> <span class='ocrx_word' id='word_1_229' title='bbox 774 1416 816 1420; x_wconf 89' lang='lat'>—</span> <span class='ocrx_word' id='word_1_230' title='bbox 831 1397 1014 1429; x_wconf 74' lang='lat' dir='ltr'>Praefatus</span> <span class='ocrx_word' id='word_1_231' title='bbox 1030 1397 1187 1429; x_wconf 89' lang='lat' dir='ltr'>dominus</span> <span class='ocrx_word' id='word_1_232' title='bbox 1210 1396 1344 1440; x_wconf 89' lang='lat' dir='ltr'>legatus</span> <span class='ocrx_word' id='word_1_233' title='bbox 1367 1398 1453 1431; x_wconf 79' lang='lat' dir='ltr'>fecit</span> <span class='ocrx_word' id='word_1_234' title='bbox 1477 1398 1667 1431; x_wconf 88' lang='lat' dir='ltr'>exercitum</span> <span class='ocrx_word' id='word_1_235' title='bbox 1692 1403 1812 1432; x_wconf 89' lang='lat' dir='ltr'>contra</span> <span class='ocrx_word' id='word_1_236' title='bbox 1834 1398 2067 1432; x_wconf 89' lang='lat' dir='ltr'>Forlivienses</span> 
     </span>
     <span class='ocr_line' id='line_1_24' title="bbox 217 1451 2065 1497; baseline -0.001 -9"><span class='ocrx_word' id='word_1_237' title='bbox 217 1460 252 1488; x_wconf 92' lang='lat' dir='ltr'>et</span> <span class='ocrx_word' id='word_1_238' title='bbox 274 1461 396 1488; x_wconf 79' lang='lat' dir='ltr'>contra</span> <span class='ocrx_word' id='word_1_239' title='bbox 417 1454 650 1492; x_wconf 84' lang='lat' dir='ltr'>Ravennates,</span> <span class='ocrx_word' id='word_1_240' title='bbox 674 1458 709 1485; x_wconf 90' lang='lat' dir='ltr'>et</span> <span class='ocrx_word' id='word_1_241' title='bbox 734 1451 781 1484; x_wconf 93' lang='lat' dir='ltr'>ibi</span> <span class='ocrx_word' id='word_1_242' title='bbox 804 1456 971 1483; x_wconf 88' lang='lat' dir='ltr'>steterunt</span> <span class='ocrx_word' id='word_1_243' title='bbox 993 1451 1104 1493; x_wconf 90' lang='lat' dir='ltr'>spatio</span> <span class='ocrx_word' id='word_1_244' title='bbox 1128 1460 1178 1482; x_wconf 88' lang='lat' dir='ltr'>xv</span> <span class='ocrx_word' id='word_1_245' title='bbox 1202 1451 1334 1483; x_wconf 90' lang='lat' dir='ltr'>dierum</span> <span class='ocrx_word' id='word_1_246' title='bbox 1358 1458 1393 1485; x_wconf 92' lang='lat' dir='ltr'>et</span> <span class='ocrx_word' id='word_1_247' title='bbox 1415 1452 1576 1486; x_wconf 80' lang='lat' dir='ltr'>fecerunt</span> <span class='ocrx_word' id='word_1_248' title='bbox 1598 1464 1723 1497; x_wconf 88' lang='lat' dir='ltr'>magna</span> <span class='ocrx_word' id='word_1_249' title='bbox 1746 1453 1881 1486; x_wconf 87' lang='lat' dir='ltr'>damna.</span> <span class='ocrx_word' id='word_1_250' title='bbox 1905 1453 2065 1486; x_wconf 86' lang='lat' dir='ltr'>Tandem</span> 
     </span>
     <span class='ocr_line' id='line_1_25' title="bbox 215 1505 1709 1552; baseline -0.003 -10"><span class='ocrx_word' id='word_1_251' title='bbox 215 1509 292 1552; x_wconf 88' lang='lat' dir='ltr'>ipsa</span> <span class='ocrx_word' id='word_1_252' title='bbox 314 1508 475 1542; x_wconf 86' lang='lat' dir='ltr'>comunia</span> <span class='ocrx_word' id='word_1_253' title='bbox 496 1513 664 1540; x_wconf 90' lang='lat' dir='ltr'>venerunt</span> <span class='ocrx_word' id='word_1_254' title='bbox 686 1506 730 1539; x_wconf 91' lang='lat' dir='ltr'>ab</span> <span class='ocrx_word' id='word_1_255' title='bbox 755 1505 985 1539; x_wconf 85' lang='lat' dir='ltr'>obedientiam</span> <span class='ocrx_word' id='word_1_256' title='bbox 1009 1510 1045 1537; x_wconf 85' lang='lat' dir='ltr'>et</span> <span class='ocrx_word' id='word_1_257' title='bbox 1066 1506 1229 1538; x_wconf 85' lang='lat' dir='ltr'>mandata</span> <span class='ocrx_word' id='word_1_258' title='bbox 1251 1505 1336 1538; x_wconf 89' lang='lat' dir='ltr'>dicti</span> <span class='ocrx_word' id='word_1_259' title='bbox 1360 1505 1489 1538; x_wconf 90' lang='lat' dir='ltr'>domini</span> <span class='ocrx_word' id='word_1_260' title='bbox 1514 1506 1709 1539; x_wconf 83' lang='lat' dir='ltr'>cardinalis.</span> 
     </span>
     <span class='ocr_line' id='line_1_26' title="bbox 305 1558 2067 1604; baseline -0.001 -9"><span class='ocrx_word' id='word_1_261' title='bbox 305 1561 636 1604; x_wconf 90' lang='lat' dir='ltr'>M.CCCXXVIIIJ.</span> <span class='ocrx_word' id='word_1_262' title='bbox 668 1560 802 1592; x_wconf 89' lang='lat' dir='ltr'>Eodem</span> <span class='ocrx_word' id='word_1_263' title='bbox 824 1570 926 1591; x_wconf 89' lang='lat' dir='ltr'>anno.</span> <span class='ocrx_word' id='word_1_264' title='bbox 951 1577 993 1582; x_wconf 87' lang='lat'>—</span> <span class='ocrx_word' id='word_1_265' title='bbox 1016 1558 1183 1590; x_wconf 90' lang='lat' dir='ltr'>Dominus</span> <span class='ocrx_word' id='word_1_266' title='bbox 1214 1558 1352 1591; x_wconf 86' lang='lat' dir='ltr'>Blaxius</span> <span class='ocrx_word' id='word_1_267' title='bbox 1376 1559 1420 1591; x_wconf 91' lang='lat' dir='ltr'>de</span> <span class='ocrx_word' id='word_1_268' title='bbox 1443 1559 1699 1602; x_wconf 88' lang='lat' dir='ltr'>Tomaquincis</span> <span class='ocrx_word' id='word_1_269' title='bbox 1723 1560 1767 1592; x_wconf 87' lang='lat' dir='ltr'>de</span> <span class='ocrx_word' id='word_1_270' title='bbox 1799 1559 1974 1592; x_wconf 91' lang='lat' dir='ltr'>Florentia</span> <span class='ocrx_word' id='word_1_271' title='bbox 2000 1559 2067 1593; x_wconf 77' lang='lat' dir='ltr'>fuit</span> 
     </span>
     <span class='ocr_line' id='line_1_27' title="bbox 215 1612 2129 1655; baseline -0.002 -7"><span class='ocrx_word' id='word_1_272' title='bbox 215 1621 330 1648; x_wconf 86' lang='lat' dir='ltr'>rector</span> <span class='ocrx_word' id='word_1_273' title='bbox 353 1615 502 1648; x_wconf 85' lang='lat' dir='ltr'>civitatis</span> <span class='ocrx_word' id='word_1_274' title='bbox 522 1614 710 1647; x_wconf 89' lang='lat' dir='ltr'>Bononiae.</span> <span class='ocrx_word' id='word_1_275' title='bbox 756 1613 922 1645; x_wconf 85' lang='lat' dir='ltr'>Dominus</span> <span class='ocrx_word' id='word_1_276' title='bbox 944 1612 1098 1644; x_wconf 87' lang='lat' dir='ltr'>Thomas</span> <span class='ocrx_word' id='word_1_277' title='bbox 1121 1612 1165 1644; x_wconf 92' lang='lat' dir='ltr'>de</span> <span class='ocrx_word' id='word_1_278' title='bbox 1189 1612 1353 1645; x_wconf 85' lang='lat' dir='ltr'>Cartariis</span> <span class='ocrx_word' id='word_1_279' title='bbox 1370 1613 1667 1655; x_wconf 67' lang='lat' dir='ltr'>vicecapstaneus.</span> <span class='ocrx_word' id='word_1_280' title='bbox 2087 1612 2129 1645; x_wconf 84' lang='lat'>25</span> 
     </span>
     <span class='ocr_line' id='line_1_28' title="bbox 303 1666 2065 1710; baseline -0.001 -9"><span class='ocrx_word' id='word_1_281' title='bbox 303 1668 438 1701; x_wconf 90' lang='lat' dir='ltr'>Eodem</span> <span class='ocrx_word' id='word_1_282' title='bbox 461 1677 561 1700; x_wconf 88' lang='lat' dir='ltr'>anno.</span> <span class='ocrx_word' id='word_1_283' title='bbox 579 1686 620 1690; x_wconf 91' lang='lat'>-—</span> <span class='ocrx_word' id='word_1_284' title='bbox 636 1666 804 1699; x_wconf 89' lang='lat' dir='ltr'>Dominus</span> <span class='ocrx_word' id='word_1_285' title='bbox 826 1666 979 1698; x_wconf 85' lang='lat' dir='ltr'>Bavarus</span> <span class='ocrx_word' id='word_1_286' title='bbox 1005 1666 1194 1708; x_wconf 90' lang='lat' dir='ltr'>imperator</span> <span class='ocrx_word' id='word_1_287' title='bbox 1215 1667 1311 1699; x_wconf 88' lang='lat' dir='ltr'>venit</span> <span class='ocrx_word' id='word_1_288' title='bbox 1335 1667 1379 1699; x_wconf 91' lang='lat' dir='ltr'>de</span> <span class='ocrx_word' id='word_1_289' title='bbox 1402 1667 1517 1700; x_wconf 88' lang='lat' dir='ltr'>Roma</span> <span class='ocrx_word' id='word_1_290' title='bbox 1546 1673 1581 1700; x_wconf 88' lang='lat' dir='ltr'>et</span> <span class='ocrx_word' id='word_1_291' title='bbox 1605 1668 1763 1710; x_wconf 90' lang='lat' dir='ltr'>deposuit</span> <span class='ocrx_word' id='word_1_292' title='bbox 1785 1667 1873 1700; x_wconf 88' lang='lat' dir='ltr'>filios</span> <span class='ocrx_word' id='word_1_293' title='bbox 1895 1667 2065 1701; x_wconf 86' lang='lat' dir='ltr'>Castrucii</span> 
     </span>
     <span class='ocr_line' id='line_1_29' title="bbox 215 1716 1628 1761; baseline -0.001 -9"><span class='ocrx_word' id='word_1_294' title='bbox 215 1720 259 1752; x_wconf 92' lang='lat' dir='ltr'>de</span> <span class='ocrx_word' id='word_1_295' title='bbox 281 1719 403 1752; x_wconf 91' lang='lat' dir='ltr'>Lucha</span> <span class='ocrx_word' id='word_1_296' title='bbox 425 1725 460 1752; x_wconf 93' lang='lat' dir='ltr'>et</span> <span class='ocrx_word' id='word_1_297' title='bbox 481 1718 543 1751; x_wconf 90' lang='lat' dir='ltr'>ivit</span> <span class='ocrx_word' id='word_1_298' title='bbox 565 1717 600 1749; x_wconf 93' lang='lat' dir='ltr'>in</span> <span class='ocrx_word' id='word_1_299' title='bbox 621 1717 834 1750; x_wconf 88' lang='lat' dir='ltr'>Lombardia</span> <span class='ocrx_word' id='word_1_300' title='bbox 855 1717 902 1749; x_wconf 88' lang='lat' dir='ltr'>ad</span> <span class='ocrx_word' id='word_1_301' title='bbox 923 1716 1148 1755; x_wconf 87' lang='lat' dir='ltr'>Mutinenses,</span> <span class='ocrx_word' id='word_1_302' title='bbox 1172 1717 1331 1761; x_wconf 87' lang='lat' dir='ltr'>Reginos</span> <span class='ocrx_word' id='word_1_303' title='bbox 1355 1723 1390 1750; x_wconf 91' lang='lat' dir='ltr'>et</span> <span class='ocrx_word' id='word_1_304' title='bbox 1412 1717 1628 1751; x_wconf 88' lang='lat' dir='ltr'>Parmenses.</span> 
     </span>
    </p>

    <p class='ocr_par' dir='ltr' id='par_1_11' title="bbox 211 1770 2129 2244">
     <span class='ocr_line' id='line_1_30' title="bbox 303 1770 2064 1815; baseline 0.001 -10"><span class='ocrx_word' id='word_1_305' title='bbox 303 1772 439 1805; x_wconf 90' lang='lat' dir='ltr'>Eodem</span> <span class='ocrx_word' id='word_1_306' title='bbox 461 1781 563 1804; x_wconf 89' lang='lat' dir='ltr'>anno.</span> <span class='ocrx_word' id='word_1_307' title='bbox 587 1790 629 1795; x_wconf 92' lang='lat'>—</span> <span class='ocrx_word' id='word_1_308' title='bbox 652 1770 819 1803; x_wconf 83' lang='lat' dir='ltr'>Dominus</span> <span class='ocrx_word' id='word_1_309' title='bbox 841 1770 974 1813; x_wconf 81' lang='lat' dir='ltr'>legatus</span> <span class='ocrx_word' id='word_1_310' title='bbox 997 1770 1201 1810; x_wconf 87' lang='lat' dir='ltr'>Hostiensis,</span> <span class='ocrx_word' id='word_1_311' title='bbox 1224 1771 1342 1804; x_wconf 90' lang='lat' dir='ltr'>habita</span> <span class='ocrx_word' id='word_1_312' title='bbox 1364 1771 1432 1804; x_wconf 86' lang='lat' dir='ltr'>fide</span> <span class='ocrx_word' id='word_1_313' title='bbox 1457 1772 1562 1815; x_wconf 90' lang='lat' dir='ltr'>digna</span> <span class='ocrx_word' id='word_1_314' title='bbox 1585 1778 1619 1805; x_wconf 91' lang='lat' dir='ltr'>et</span> <span class='ocrx_word' id='word_1_315' title='bbox 1636 1773 1797 1814; x_wconf 38' lang='lat' dir='ltr'>,veridica</span> <span class='ocrx_word' id='word_1_316' title='bbox 1818 1773 2064 1806; x_wconf 78' lang='lat' dir='ltr'>informatione</span> 
     </span>
     <span class='ocr_line' id='line_1_31' title="bbox 215 1824 2064 1870; baseline -0.001 -11"><span class='ocrx_word' id='word_1_317' title='bbox 215 1827 259 1859; x_wconf 91' lang='lat' dir='ltr'>de</span> <span class='ocrx_word' id='word_1_318' title='bbox 282 1826 452 1870; x_wconf 84' lang='lat' dir='ltr'>aliquibus</span> <span class='ocrx_word' id='word_1_319' title='bbox 474 1825 719 1864; x_wconf 86' lang='lat' dir='ltr'>Maltraversis,</span> <span class='ocrx_word' id='word_1_320' title='bbox 743 1824 803 1867; x_wconf 92' lang='lat' dir='ltr'>qui</span> <span class='ocrx_word' id='word_1_321' title='bbox 825 1829 1010 1856; x_wconf 88' lang='lat' dir='ltr'>tractatum</span> <span class='ocrx_word' id='word_1_322' title='bbox 1033 1824 1207 1857; x_wconf 89' lang='lat' dir='ltr'>habebant</span> <span class='ocrx_word' id='word_1_323' title='bbox 1230 1830 1353 1858; x_wconf 90' lang='lat' dir='ltr'>contra</span> <span class='ocrx_word' id='word_1_324' title='bbox 1379 1825 1491 1867; x_wconf 88' lang='lat' dir='ltr'>ipsum</span> <span class='ocrx_word' id='word_1_325' title='bbox 1522 1831 1557 1858; x_wconf 90' lang='lat' dir='ltr'>et</span> <span class='ocrx_word' id='word_1_326' title='bbox 1588 1831 1707 1858; x_wconf 88' lang='lat' dir='ltr'>contra</span> <span class='ocrx_word' id='word_1_327' title='bbox 1737 1832 1859 1858; x_wconf 89' lang='lat' dir='ltr'>statum</span> <span class='ocrx_word' id='word_1_328' title='bbox 1882 1826 2064 1859; x_wconf 87' lang='lat' dir='ltr'>Ecclesiae</span> 
     </span>
     <span class='ocr_line' id='line_1_32' title="bbox 221 1877 2129 1922; baseline 0 -10"><span class='ocrx_word' id='word_1_329' title='bbox 221 1885 256 1912; x_wconf 90' lang='lat' dir='ltr'>et</span> <span class='ocrx_word' id='word_1_330' title='bbox 277 1890 385 1918; x_wconf 91' lang='lat' dir='ltr'>suum,</span> <span class='ocrx_word' id='word_1_331' title='bbox 409 1879 496 1912; x_wconf 76' lang='lat' dir='ltr'>fecit</span> <span class='ocrx_word' id='word_1_332' title='bbox 519 1878 599 1921; x_wconf 90' lang='lat' dir='ltr'>capi</span> <span class='ocrx_word' id='word_1_333' title='bbox 622 1883 657 1910; x_wconf 90' lang='lat' dir='ltr'>et</span> <span class='ocrx_word' id='word_1_334' title='bbox 680 1877 872 1920; x_wconf 83' lang='lat' dir='ltr'>decapitari</span> <span class='ocrx_word' id='word_1_335' title='bbox 896 1883 931 1910; x_wconf 90' lang='lat' dir='ltr'>et</span> <span class='ocrx_word' id='word_1_336' title='bbox 952 1879 1041 1911; x_wconf 89' lang='lat' dir='ltr'>mori</span> <span class='ocrx_word' id='word_1_337' title='bbox 1062 1879 1313 1921; x_wconf 83' lang='lat' dir='ltr'>infrascriptos,</span> <span class='ocrx_word' id='word_1_338' title='bbox 1330 1889 1476 1922; x_wconf 90' lang='lat' dir='ltr'>quorum</span> <span class='ocrx_word' id='word_1_339' title='bbox 1498 1879 1639 1913; x_wconf 88' lang='lat' dir='ltr'>nomina</span> <span class='ocrx_word' id='word_1_340' title='bbox 1661 1886 1739 1912; x_wconf 89' lang='lat' dir='ltr'>sunt</span> <span class='ocrx_word' id='word_1_341' title='bbox 1760 1880 1860 1919; x_wconf 90' lang='lat' dir='ltr'>haec,</span> <span class='ocrx_word' id='word_1_342' title='bbox 1884 1880 2061 1913; x_wconf 86' lang='lat' dir='ltr'>videlicet:</span> <span class='ocrx_word' id='word_1_343' title='bbox 2085 1880 2129 1912; x_wconf 83' lang='lat'>30</span> 
     </span>
     <span class='ocr_line' id='line_1_33' title="bbox 216 1926 2064 1976; baseline 0 -10"><span class='ocrx_word' id='word_1_344' title='bbox 216 1934 374 1967; x_wconf 87' lang='lat' dir='ltr'>dominus</span> <span class='ocrx_word' id='word_1_345' title='bbox 398 1933 513 1966; x_wconf 90' lang='lat' dir='ltr'>Guido</span> <span class='ocrx_word' id='word_1_346' title='bbox 535 1933 679 1965; x_wconf 88' lang='lat' dir='ltr'>Musotti</span> <span class='ocrx_word' id='word_1_347' title='bbox 695 1932 738 1964; x_wconf 91' lang='lat' dir='ltr'>de</span> <span class='ocrx_word' id='word_1_348' title='bbox 756 1931 939 1964; x_wconf 87' lang='lat' dir='ltr'>Sabadinis</span> <span class='ocrx_word' id='word_1_349' title='bbox 962 1932 1006 1965; x_wconf 86' lang='lat' dir='ltr'>de</span> <span class='ocrx_word' id='word_1_350' title='bbox 1029 1932 1186 1965; x_wconf 89' lang='lat' dir='ltr'>Bononia</span> <span class='ocrx_word' id='word_1_351' title='bbox 1201 1938 1237 1965; x_wconf 88' lang='lat' dir='ltr'>et</span> <span class='ocrx_word' id='word_1_352' title='bbox 1251 1931 1514 1976; x_wconf 86' lang='lat' dir='ltr'>Alberghitinus</span> <span class='ocrx_word' id='word_1_353' title='bbox 1529 1926 1708 1967; x_wconf 84' lang='lat' dir='ltr'>Francisci</span> <span class='ocrx_word' id='word_1_354' title='bbox 1731 1933 1775 1966; x_wconf 90' lang='lat' dir='ltr'>de</span> <span class='ocrx_word' id='word_1_355' title='bbox 1798 1933 1995 1967; x_wconf 74' lang='lat' dir='ltr'>Manfredis</span> <span class='ocrx_word' id='word_1_356' title='bbox 2019 1934 2064 1966; x_wconf 86' lang='lat' dir='ltr'>de</span> 
     </span>
     <span class='ocr_line' id='line_1_34' title="bbox 215 1984 2061 2030; baseline 0.001 -11"><span class='ocrx_word' id='word_1_357' title='bbox 215 1987 391 2026; x_wconf 81' lang='lat' dir='ltr'>Faventia,</span> <span class='ocrx_word' id='word_1_358' title='bbox 414 1985 581 2019; x_wconf 73' lang='lat' dir='ltr'>Nicotaus</span> <span class='ocrx_word' id='word_1_359' title='bbox 605 1986 649 2018; x_wconf 88' lang='lat' dir='ltr'>de</span> <span class='ocrx_word' id='word_1_360' title='bbox 673 1984 854 2024; x_wconf 86' lang='lat' dir='ltr'>Frullanis‚</span> <span class='ocrx_word' id='word_1_361' title='bbox 876 1985 1067 2018; x_wconf 85' lang='lat' dir='ltr'>Masolinus</span> <span class='ocrx_word' id='word_1_362' title='bbox 1090 1986 1134 2018; x_wconf 91' lang='lat' dir='ltr'>de</span> <span class='ocrx_word' id='word_1_363' title='bbox 1159 1986 1428 2025; x_wconf 81' lang='lat' dir='ltr'>Guastavilanis3</span> <span class='ocrx_word' id='word_1_364' title='bbox 1452 1987 1508 2019; x_wconf 90' lang='lat' dir='ltr'>isti</span> <span class='ocrx_word' id='word_1_365' title='bbox 1531 1992 1677 2029; x_wconf 92' lang='lat' dir='ltr'>quatuor</span> <span class='ocrx_word' id='word_1_366' title='bbox 1699 1988 1840 2020; x_wconf 79' lang='lat' dir='ltr'>fuerunt</span> <span class='ocrx_word' id='word_1_367' title='bbox 1863 1987 2061 2030; x_wconf 81' lang='lat' dir='ltr'>decapitati.</span> 
     </span>
     <span class='ocr_line' id='line_1_35' title="bbox 212 2038 2064 2083; baseline -0.001 -10"><span class='ocrx_word' id='word_1_368' title='bbox 212 2039 493 2083; x_wconf 89' lang='lat' dir='ltr'>Archipresbiter</span> <span class='ocrx_word' id='word_1_369' title='bbox 514 2041 559 2072; x_wconf 88' lang='lat' dir='ltr'>de</span> <span class='ocrx_word' id='word_1_370' title='bbox 583 2039 746 2078; x_wconf 90' lang='lat' dir='ltr'>Galuciis‚</span> <span class='ocrx_word' id='word_1_371' title='bbox 769 2038 858 2071; x_wconf 89' lang='lat' dir='ltr'>filius</span> <span class='ocrx_word' id='word_1_372' title='bbox 888 2039 1069 2072; x_wconf 88' lang='lat' dir='ltr'>bastardus</span> <span class='ocrx_word' id='word_1_373' title='bbox 1091 2039 1172 2072; x_wconf 92' lang='lat' dir='ltr'>olim</span> <span class='ocrx_word' id='word_1_374' title='bbox 1197 2039 1326 2072; x_wconf 90' lang='lat' dir='ltr'>domini</span> <span class='ocrx_word' id='word_1_375' title='bbox 1347 2038 1491 2072; x_wconf 89' lang='lat' dir='ltr'>Antonii</span> <span class='ocrx_word' id='word_1_376' title='bbox 1522 2039 1567 2071; x_wconf 88' lang='lat' dir='ltr'>de</span> <span class='ocrx_word' id='word_1_377' title='bbox 1598 2039 1760 2079; x_wconf 90' lang='lat' dir='ltr'>Galuciis‚</span> <span class='ocrx_word' id='word_1_378' title='bbox 1785 2040 1916 2082; x_wconf 85' lang='lat' dir='ltr'>positus</span> <span class='ocrx_word' id='word_1_379' title='bbox 1938 2040 2006 2073; x_wconf 75' lang='lat' dir='ltr'>fuit</span> <span class='ocrx_word' id='word_1_380' title='bbox 2027 2039 2064 2072; x_wconf 92' lang='lat' dir='ltr'>in</span> 
     </span>
     <span class='ocr_line' id='line_1_36' title="bbox 213 2092 2064 2137; baseline -0.001 -10"><span class='ocrx_word' id='word_1_381' title='bbox 213 2093 315 2137; x_wconf 79' lang='lat' dir='ltr'>gaiba</span> <span class='ocrx_word' id='word_1_382' title='bbox 337 2099 371 2126; x_wconf 93' lang='lat' dir='ltr'>et</span> <span class='ocrx_word' id='word_1_383' title='bbox 393 2093 440 2127; x_wconf 91' lang='lat' dir='ltr'>ibi</span> <span class='ocrx_word' id='word_1_384' title='bbox 464 2093 652 2126; x_wconf 90' lang='lat' dir='ltr'>crudeliter</span> <span class='ocrx_word' id='word_1_385' title='bbox 675 2098 828 2125; x_wconf 88' lang='lat' dir='ltr'>mortuus</span> <span class='ocrx_word' id='word_1_386' title='bbox 851 2092 918 2125; x_wconf 78' lang='lat' dir='ltr'>fuit</span> <span class='ocrx_word' id='word_1_387' title='bbox 940 2098 976 2125; x_wconf 91' lang='lat' dir='ltr'>et</span> <span class='ocrx_word' id='word_1_388' title='bbox 997 2093 1150 2135; x_wconf 89' lang='lat' dir='ltr'>sepultus</span> <span class='ocrx_word' id='word_1_389' title='bbox 1182 2094 1227 2126; x_wconf 93' lang='lat' dir='ltr'>ad</span> <span class='ocrx_word' id='word_1_390' title='bbox 1258 2093 1422 2126; x_wconf 87' lang='lat' dir='ltr'>Sanctum</span> <span class='ocrx_word' id='word_1_391' title='bbox 1452 2093 1682 2125; x_wconf 91' lang='lat' dir='ltr'>Dominicum.</span> <span class='ocrx_word' id='word_1_392' title='bbox 1727 2092 1945 2132; x_wconf 89' lang='lat' dir='ltr'>Antoniolus,</span> <span class='ocrx_word' id='word_1_393' title='bbox 1975 2093 2064 2126; x_wconf 87' lang='lat' dir='ltr'>filius</span> 
     </span>
     <span class='ocr_line' id='line_1_37' title="bbox 215 2145 2125 2190; baseline -0.001 -10"><span class='ocrx_word' id='word_1_394' title='bbox 215 2147 299 2180; x_wconf 88' lang='lat' dir='ltr'>dicti</span> <span class='ocrx_word' id='word_1_395' title='bbox 329 2147 609 2190; x_wconf 87' lang='lat' dir='ltr'>archipresbiteri</span> <span class='ocrx_word' id='word_1_396' title='bbox 640 2147 684 2179; x_wconf 91' lang='lat' dir='ltr'>de</span> <span class='ocrx_word' id='word_1_397' title='bbox 716 2146 880 2185; x_wconf 87' lang='lat' dir='ltr'>Galuciis‚</span> <span class='ocrx_word' id='word_1_398' title='bbox 903 2146 974 2185; x_wconf 69' lang='lat' dir='ltr'>fuit,</span> <span class='ocrx_word' id='word_1_399' title='bbox 993 2147 1095 2179; x_wconf 83' lang='lat' dir='ltr'>etiam</span> <span class='ocrx_word' id='word_1_400' title='bbox 1119 2146 1214 2179; x_wconf 92' lang='lat' dir='ltr'>dicta</span> <span class='ocrx_word' id='word_1_401' title='bbox 1237 2147 1280 2179; x_wconf 90' lang='lat' dir='ltr'>de</span> <span class='ocrx_word' id='word_1_402' title='bbox 1306 2156 1409 2179; x_wconf 87' lang='lat' dir='ltr'>causa</span> <span class='ocrx_word' id='word_1_403' title='bbox 1432 2146 1658 2188; x_wconf 87' lang='lat' dir='ltr'>decapitatus.</span> <span class='ocrx_word' id='word_1_404' title='bbox 1704 2146 1838 2179; x_wconf 89' lang='lat' dir='ltr'>Hector</span> <span class='ocrx_word' id='word_1_405' title='bbox 1868 2156 1986 2179; x_wconf 89' lang='lat' dir='ltr'>comes</span> <span class='ocrx_word' id='word_1_406' title='bbox 2016 2147 2061 2179; x_wconf 89' lang='lat' dir='ltr'>de</span> <span class='ocrx_word' id='word_1_407' title='bbox 2084 2145 2125 2179; x_wconf 88' lang='lat'>35</span> 
     </span>
     <span class='ocr_line' id='line_1_38' title="bbox 211 2199 2062 2244; baseline 0.001 -12"><span class='ocrx_word' id='word_1_408' title='bbox 211 2199 342 2234; x_wconf 87' lang='lat' dir='ltr'>Panico</span> <span class='ocrx_word' id='word_1_409' title='bbox 365 2201 509 2244; x_wconf 76' lang='lat' dir='ltr'>aufugit,</span> <span class='ocrx_word' id='word_1_410' title='bbox 533 2201 614 2244; x_wconf 90' lang='lat' dir='ltr'>quia</span> <span class='ocrx_word' id='word_1_411' title='bbox 636 2200 757 2234; x_wconf 78' lang='lat' dir='ltr'>fuisset</span> <span class='ocrx_word' id='word_1_412' title='bbox 779 2200 935 2233; x_wconf 89' lang='lat' dir='ltr'>similiter</span> <span class='ocrx_word' id='word_1_413' title='bbox 965 2200 1191 2243; x_wconf 85' lang='lat' dir='ltr'>decapitatus.</span> <span class='ocrx_word' id='word_1_414' title='bbox 1238 2200 1412 2243; x_wconf 88' lang='lat' dir='ltr'>Johannes</span> <span class='ocrx_word' id='word_1_415' title='bbox 1442 2200 1486 2232; x_wconf 95' lang='lat' dir='ltr'>de</span> <span class='ocrx_word' id='word_1_416' title='bbox 1516 2200 1648 2240; x_wconf 88' lang='lat' dir='ltr'>Doctis‚</span> <span class='ocrx_word' id='word_1_417' title='bbox 1674 2200 1759 2232; x_wconf 91' lang='lat' dir='ltr'>civis</span> <span class='ocrx_word' id='word_1_418' title='bbox 1782 2200 1971 2239; x_wconf 86' lang='lat' dir='ltr'>Bononiae,</span> <span class='ocrx_word' id='word_1_419' title='bbox 1995 2200 2062 2234; x_wconf 80' lang='lat' dir='ltr'>fuit</span> 
     </span>
    </p>
   </div>
   <div class='ocr_carea' id='block_1_11' title="bbox 212 2251 1971 2346">
    <p class='ocr_par' dir='ltr' id='par_1_12' title="bbox 212 2251 1971 2346">
     <span class='ocr_line' id='line_1_39' title="bbox 212 2251 1070 2294; baseline 0.001 -11"><span class='ocrx_word' id='word_1_420' title='bbox 212 2251 315 2284; x_wconf 87' lang='lat' dir='ltr'>etiam</span> <span class='ocrx_word' id='word_1_421' title='bbox 339 2252 554 2294; x_wconf 87' lang='lat' dir='ltr'>decapitatus</span> <span class='ocrx_word' id='word_1_422' title='bbox 578 2251 760 2285; x_wconf 88' lang='lat' dir='ltr'>occasione</span> <span class='ocrx_word' id='word_1_423' title='bbox 786 2252 871 2284; x_wconf 91' lang='lat' dir='ltr'>dicti</span> <span class='ocrx_word' id='word_1_424' title='bbox 893 2257 1070 2284; x_wconf 79' lang='lat' dir='ltr'>tractatus,</span> 
     </span>
     <span class='ocr_line' id='line_1_40' title="bbox 247 2302 1971 2346; baseline 0.001 -11"><span class='ocrx_word' id='word_1_425' title='bbox 247 2317 249 2320; x_wconf 92' lang='lat'>·</span> <span class='ocrx_word' id='word_1_426' title='bbox 298 2302 433 2335; x_wconf 87' lang='lat' dir='ltr'>Eodem</span> <span class='ocrx_word' id='word_1_427' title='bbox 456 2313 557 2336; x_wconf 87' lang='lat' dir='ltr'>anno.</span> <span class='ocrx_word' id='word_1_428' title='bbox 581 2321 622 2326; x_wconf 95' lang='lat'>—</span> <span class='ocrx_word' id='word_1_429' title='bbox 645 2303 812 2335; x_wconf 88' lang='lat' dir='ltr'>Dominus</span> <span class='ocrx_word' id='word_1_430' title='bbox 835 2303 969 2346; x_wconf 86' lang='lat' dir='ltr'>legatus</span> <span class='ocrx_word' id='word_1_431' title='bbox 991 2302 1077 2335; x_wconf 75' lang='lat' dir='ltr'>fecit</span> <span class='ocrx_word' id='word_1_432' title='bbox 1099 2303 1223 2335; x_wconf 91' lang='lat' dir='ltr'>multos</span> <span class='ocrx_word' id='word_1_433' title='bbox 1246 2303 1340 2335; x_wconf 89' lang='lat' dir='ltr'>cives</span> <span class='ocrx_word' id='word_1_434' title='bbox 1364 2303 1531 2336; x_wconf 85' lang='lat' dir='ltr'>confinari</span> <span class='ocrx_word' id='word_1_435' title='bbox 1554 2308 1589 2335; x_wconf 90' lang='lat' dir='ltr'>et</span> <span class='ocrx_word' id='word_1_436' title='bbox 1611 2303 1736 2336; x_wconf 90' lang='lat' dir='ltr'>multos</span> <span class='ocrx_word' id='word_1_437' title='bbox 1758 2303 1971 2336; x_wconf 84' lang='lat' dir='ltr'>tormentari.</span> 
     </span>
    </p>
   </div>
   <div class='ocr_carea' id='block_1_12' title="bbox 211 2356 2123 2614">
    <p class='ocr_par' dir='ltr' id='par_1_13' title="bbox 302 2356 1996 2400">
     <span class='ocr_line' id='line_1_41' title="bbox 302 2356 1996 2400; baseline 0 -10"><span class='ocrx_word' id='word_1_438' title='bbox 302 2357 437 2390; x_wconf 87' lang='lat' dir='ltr'>Eodem</span> <span class='ocrx_word' id='word_1_439' title='bbox 460 2356 559 2390; x_wconf 82' lang='lat' dir='ltr'>anno&#39;</span> <span class='ocrx_word' id='word_1_440' title='bbox 577 2357 670 2390; x_wconf 83' lang='lat'>1329.</span> <span class='ocrx_word' id='word_1_441' title='bbox 696 2375 737 2380; x_wconf 91' lang='lat'>--</span> <span class='ocrx_word' id='word_1_442' title='bbox 761 2357 870 2390; x_wconf 88' lang='lat' dir='ltr'>Facta</span> <span class='ocrx_word' id='word_1_443' title='bbox 892 2356 1032 2388; x_wconf 80' lang='lat' dir='ltr'>fuerunt</span> <span class='ocrx_word' id='word_1_444' title='bbox 1054 2357 1183 2389; x_wconf 82' lang='lat' dir='ltr'>extima</span> <span class='ocrx_word' id='word_1_445' title='bbox 1206 2357 1250 2389; x_wconf 90' lang='lat' dir='ltr'>de</span> <span class='ocrx_word' id='word_1_446' title='bbox 1273 2366 1365 2389; x_wconf 90' lang='lat' dir='ltr'>novo</span> <span class='ocrx_word' id='word_1_447' title='bbox 1387 2356 1565 2400; x_wconf 88' lang='lat' dir='ltr'>generalia</span> <span class='ocrx_word' id='word_1_448' title='bbox 1586 2356 1622 2388; x_wconf 90' lang='lat' dir='ltr'>in</span> <span class='ocrx_word' id='word_1_449' title='bbox 1646 2356 1783 2389; x_wconf 88' lang='lat' dir='ltr'>civitate</span> <span class='ocrx_word' id='word_1_450' title='bbox 1807 2356 1996 2390; x_wconf 88' lang='lat' dir='ltr'>Bononiae.</span> 
     </span>
    </p>

    <p class='ocr_par' dir='ltr' id='par_1_14' title="bbox 214 2409 2123 2508">
     <span class='ocr_line' id='line_1_42' title="bbox 297 2409 2123 2454; baseline 0.001 -12"><span class='ocrx_word' id='word_1_451' title='bbox 297 2409 430 2442; x_wconf 85' lang='lat' dir='ltr'>Eodem</span> <span class='ocrx_word' id='word_1_452' title='bbox 454 2420 556 2443; x_wconf 92' lang='lat' dir='ltr'>anno.</span> <span class='ocrx_word' id='word_1_453' title='bbox 581 2429 623 2433; x_wconf 90' lang='lat'>-—</span> <span class='ocrx_word' id='word_1_454' title='bbox 646 2410 815 2442; x_wconf 91' lang='lat' dir='ltr'>Dominus</span> <span class='ocrx_word' id='word_1_455' title='bbox 843 2410 1104 2443; x_wconf 88' lang='lat' dir='ltr'>Bartolomaeus</span> <span class='ocrx_word' id='word_1_456' title='bbox 1135 2411 1179 2443; x_wconf 90' lang='lat' dir='ltr'>de</span> <span class='ocrx_word' id='word_1_457' title='bbox 1211 2410 1409 2453; x_wconf 87' lang='lat' dir='ltr'>Manceptis</span> <span class='ocrx_word' id='word_1_458' title='bbox 1440 2411 1483 2443; x_wconf 89' lang='lat' dir='ltr'>de</span> <span class='ocrx_word' id='word_1_459' title='bbox 1514 2410 1632 2454; x_wconf 90' lang='lat' dir='ltr'>Burgo</span> <span class='ocrx_word' id='word_1_460' title='bbox 1658 2411 1768 2443; x_wconf 89' lang='lat' dir='ltr'>sancti</span> <span class='ocrx_word' id='word_1_461' title='bbox 1799 2410 1960 2453; x_wconf 86' lang='lat' dir='ltr'>Sepulcri</span> <span class='ocrx_word' id='word_1_462' title='bbox 1990 2410 2057 2443; x_wconf 77' lang='lat' dir='ltr'>fuit</span> <span class='ocrx_word' id='word_1_463' title='bbox 2080 2411 2123 2443; x_wconf 82' lang='lat'>40</span> 
     </span>
     <span class='ocr_line' id='line_1_43' title="bbox 214 2463 2057 2508; baseline 0.001 -13"><span class='ocrx_word' id='word_1_464' title='bbox 214 2469 329 2496; x_wconf 91' lang='lat' dir='ltr'>rector</span> <span class='ocrx_word' id='word_1_465' title='bbox 350 2464 539 2497; x_wconf 88' lang='lat' dir='ltr'>Bononiae.</span> <span class='ocrx_word' id='word_1_466' title='bbox 584 2464 752 2497; x_wconf 88' lang='lat' dir='ltr'>Dominus</span> <span class='ocrx_word' id='word_1_467' title='bbox 773 2464 980 2497; x_wconf 89' lang='lat' dir='ltr'>Franciscus</span> <span class='ocrx_word' id='word_1_468' title='bbox 1004 2465 1048 2497; x_wconf 90' lang='lat' dir='ltr'>de</span> <span class='ocrx_word' id='word_1_469' title='bbox 1070 2464 1239 2507; x_wconf 64' lang='lat' dir='ltr'>Terpanis</span> <span class='ocrx_word' id='word_1_470' title='bbox 1264 2465 1308 2496; x_wconf 89' lang='lat' dir='ltr'>de</span> <span class='ocrx_word' id='word_1_471' title='bbox 1331 2463 1456 2496; x_wconf 89' lang='lat' dir='ltr'>Parma</span> <span class='ocrx_word' id='word_1_472' title='bbox 1478 2463 1559 2496; x_wconf 65' lang='lat' dir='ltr'>fuit·</span> <span class='ocrx_word' id='word_1_473' title='bbox 1577 2464 1858 2506; x_wconf 83' lang='lat' dir='ltr'>vicecapitaneus</span> <span class='ocrx_word' id='word_1_474' title='bbox 1881 2470 1915 2496; x_wconf 90' lang='lat' dir='ltr'>et</span> <span class='ocrx_word' id='word_1_475' title='bbox 1938 2463 2057 2508; x_wconf 81' lang='lat' dir='ltr'>judex.</span> 
     </span>
    </p>

    <p class='ocr_par' dir='ltr' id='par_1_15' title="bbox 211 2515 2056 2614">
     <span class='ocr_line' id='line_1_44' title="bbox 300 2515 2053 2563; baseline -0.001 -13"><span class='ocrx_word' id='word_1_476' title='bbox 300 2517 431 2550; x_wconf 90' lang='lat' dir='ltr'>Eodem</span> <span class='ocrx_word' id='word_1_477' title='bbox 454 2527 556 2551; x_wconf 87' lang='lat' dir='ltr'>anno.</span> <span class='ocrx_word' id='word_1_478' title='bbox 580 2537 622 2541; x_wconf 89' lang='lat'>—</span> <span class='ocrx_word' id='word_1_479' title='bbox 644 2518 813 2551; x_wconf 89' lang='lat' dir='ltr'>Dominus</span> <span class='ocrx_word' id='word_1_480' title='bbox 842 2518 975 2563; x_wconf 88' lang='lat' dir='ltr'>legatus</span> <span class='ocrx_word' id='word_1_481' title='bbox 1004 2518 1098 2551; x_wconf 88' lang='lat' dir='ltr'>misit</span> <span class='ocrx_word' id='word_1_482' title='bbox 1128 2528 1192 2560; x_wconf 92' lang='lat' dir='ltr'>pro</span> <span class='ocrx_word' id='word_1_483' title='bbox 1223 2518 1387 2551; x_wconf 89' lang='lat' dir='ltr'>Rolando</span> <span class='ocrx_word' id='word_1_484' title='bbox 1405 2518 1448 2550; x_wconf 86' lang='lat' dir='ltr'>de</span> <span class='ocrx_word' id='word_1_485' title='bbox 1463 2515 1597 2550; x_wconf 83' lang='lat' dir='ltr'>Rubeis</span> <span class='ocrx_word' id='word_1_486' title='bbox 1613 2523 1647 2550; x_wconf 89' lang='lat' dir='ltr'>et</span> <span class='ocrx_word' id='word_1_487' title='bbox 1662 2517 1836 2561; x_wconf 90' lang='lat' dir='ltr'>aliquibus</span> <span class='ocrx_word' id='word_1_488' title='bbox 1860 2518 1903 2550; x_wconf 84' lang='lat' dir='ltr'>de</span> <span class='ocrx_word' id='word_1_489' title='bbox 1926 2516 2053 2561; x_wconf 86' lang='lat' dir='ltr'>Regio,</span> 
     </span>
     <span class='ocr_line' id='line_1_45' title="bbox 211 2570 2056 2614; baseline -0.001 -11"><span class='ocrx_word' id='word_1_490' title='bbox 211 2571 394 2603; x_wconf 83' lang='lat' dir='ltr'>ostendens</span> <span class='ocrx_word' id='word_1_491' title='bbox 416 2571 505 2604; x_wconf 86' lang='lat' dir='ltr'>velle</span> <span class='ocrx_word' id='word_1_492' title='bbox 527 2572 645 2604; x_wconf 78' lang='lat' dir='ltr'>facere</span> <span class='ocrx_word' id='word_1_493' title='bbox 667 2582 800 2614; x_wconf 88' lang='lat' dir='ltr'>pacem,</span> <span class='ocrx_word' id='word_1_494' title='bbox 823 2577 858 2604; x_wconf 90' lang='lat' dir='ltr'>et</span> <span class='ocrx_word' id='word_1_495' title='bbox 881 2572 968 2604; x_wconf 80' lang='lat' dir='ltr'>fecit</span> <span class='ocrx_word' id='word_1_496' title='bbox 990 2582 1049 2604; x_wconf 92' lang='lat' dir='ltr'>eos</span> <span class='ocrx_word' id='word_1_497' title='bbox 1072 2571 1152 2614; x_wconf 85' lang='lat' dir='ltr'>capi</span> <span class='ocrx_word' id='word_1_498' title='bbox 1175 2577 1210 2604; x_wconf 89' lang='lat' dir='ltr'>et</span> <span class='ocrx_word' id='word_1_499' title='bbox 1225 2571 1310 2614; x_wconf 91' lang='lat' dir='ltr'>poni</span> <span class='ocrx_word' id='word_1_500' title='bbox 1344 2571 1381 2603; x_wconf 92' lang='lat' dir='ltr'>in</span> <span class='ocrx_word' id='word_1_501' title='bbox 1413 2571 1611 2605; x_wconf 85' lang='lat' dir='ltr'>carceribus</span> <span class='ocrx_word' id='word_1_502' title='bbox 1641 2576 1675 2603; x_wconf 90' lang='lat' dir='ltr'>et</span> <span class='ocrx_word' id='word_1_503' title='bbox 1698 2571 1812 2603; x_wconf 90' lang='lat' dir='ltr'>tenuit</span> <span class='ocrx_word' id='word_1_504' title='bbox 1833 2570 1925 2613; x_wconf 91' lang='lat' dir='ltr'>ipsos</span> <span class='ocrx_word' id='word_1_505' title='bbox 1954 2570 2056 2603; x_wconf 85' lang='lat' dir='ltr'>valde</span> 
     </span>
    </p>
   </div>
   <div class='ocr_carea' id='block_1_13' title="bbox 211 2621 2119 2718">
    <p class='ocr_par' dir='ltr' id='par_1_16' title="bbox 211 2621 2119 2718">
     <span class='ocr_line' id='line_1_46' title="bbox 211 2621 1152 2664; baseline 0.002 -11"><span class='ocrx_word' id='word_1_506' title='bbox 211 2621 303 2654; x_wconf 86' lang='lat' dir='ltr'>malo</span> <span class='ocrx_word' id='word_1_507' title='bbox 325 2622 429 2654; x_wconf 91' lang='lat' dir='ltr'>modo</span> <span class='ocrx_word' id='word_1_508' title='bbox 452 2632 530 2655; x_wconf 88' lang='lat' dir='ltr'>cum</span> <span class='ocrx_word' id='word_1_509' title='bbox 552 2622 702 2655; x_wconf 84' lang='lat' dir='ltr'>maxima</span> <span class='ocrx_word' id='word_1_510' title='bbox 724 2622 924 2664; x_wconf 90' lang='lat' dir='ltr'>proditione</span> <span class='ocrx_word' id='word_1_511' title='bbox 947 2628 1152 2655; x_wconf 84' lang='lat' dir='ltr'>carceratos.</span> 
     </span>
     <span class='ocr_line' id='line_1_47' title="bbox 300 2671 2119 2718; baseline -0.001 -13"><span class='ocrx_word' id='word_1_512' title='bbox 300 2672 433 2705; x_wconf 90' lang='lat' dir='ltr'>Eodem</span> <span class='ocrx_word' id='word_1_513' title='bbox 456 2682 556 2706; x_wconf 88' lang='lat' dir='ltr'>anno.</span> <span class='ocrx_word' id='word_1_514' title='bbox 581 2691 624 2696; x_wconf 89' lang='lat'>—-</span> <span class='ocrx_word' id='word_1_515' title='bbox 645 2673 814 2706; x_wconf 88' lang='lat' dir='ltr'>Dominus</span> <span class='ocrx_word' id='word_1_516' title='bbox 837 2673 1080 2706; x_wconf 86' lang='lat' dir='ltr'>Bertramonus</span> <span class='ocrx_word' id='word_1_517' title='bbox 1103 2674 1146 2706; x_wconf 91' lang='lat' dir='ltr'>de</span> <span class='ocrx_word' id='word_1_518' title='bbox 1169 2673 1282 2712; x_wconf 81' lang='lat' dir='ltr'>Ba1so,</span> <span class='ocrx_word' id='word_1_519' title='bbox 1306 2674 1416 2707; x_wconf 76' lang='lat' dir='ltr'>frater</span> <span class='ocrx_word' id='word_1_520' title='bbox 1438 2674 1530 2718; x_wconf 88' lang='lat' dir='ltr'>regis</span> <span class='ocrx_word' id='word_1_521' title='bbox 1560 2673 1719 2712; x_wconf 87' lang='lat' dir='ltr'>Roberti,</span> <span class='ocrx_word' id='word_1_522' title='bbox 1742 2678 1777 2705; x_wconf 90' lang='lat' dir='ltr'>et</span> <span class='ocrx_word' id='word_1_523' title='bbox 1799 2672 1959 2705; x_wconf 89' lang='lat' dir='ltr'>dominus</span> <span class='ocrx_word' id='word_1_524' title='bbox 1983 2672 2054 2705; x_wconf 88' lang='lat' dir='ltr'>Ga·</span> <span class='ocrx_word' id='word_1_525' title='bbox 2077 2671 2119 2705; x_wconf 81' lang='lat'>45</span> 
     </span>
    </p>
   </div>
   <div class='ocr_carea' id='block_1_14' title="bbox 211 2723 2055 2866">
    <p class='ocr_par' dir='ltr' id='par_1_17' title="bbox 211 2723 2055 2866">
     <span class='ocr_line' id='line_1_48' title="bbox 211 2723 2055 2769; baseline 0 -12"><span class='ocrx_word' id='word_1_526' title='bbox 211 2724 343 2758; x_wconf 88' lang='lat' dir='ltr'>biassus</span> <span class='ocrx_word' id='word_1_527' title='bbox 365 2735 443 2758; x_wconf 92' lang='lat' dir='ltr'>cum</span> <span class='ocrx_word' id='word_1_528' title='bbox 465 2726 582 2759; x_wconf 91' lang='lat' dir='ltr'>multis</span> <span class='ocrx_word' id='word_1_529' title='bbox 603 2726 683 2759; x_wconf 87' lang='lat' dir='ltr'>aliis</span> <span class='ocrx_word' id='word_1_530' title='bbox 705 2726 805 2759; x_wconf 89' lang='lat' dir='ltr'>bonis</span> <span class='ocrx_word' id='word_1_531' title='bbox 829 2727 873 2760; x_wconf 89' lang='lat' dir='ltr'>de</span> <span class='ocrx_word' id='word_1_532' title='bbox 895 2731 994 2769; x_wconf 85' lang='lat' dir='ltr'>parte</span> <span class='ocrx_word' id='word_1_533' title='bbox 1016 2723 1195 2759; x_wconf 86' lang='lat' dir='ltr'>Ecclesiae</span> <span class='ocrx_word' id='word_1_534' title='bbox 1217 2727 1357 2759; x_wconf 76' lang='lat' dir='ltr'>fuerunt</span> <span class='ocrx_word' id='word_1_535' title='bbox 1381 2727 1535 2759; x_wconf 89' lang='lat' dir='ltr'>conflicti</span> <span class='ocrx_word' id='word_1_536' title='bbox 1563 2727 1600 2758; x_wconf 90' lang='lat' dir='ltr'>in</span> <span class='ocrx_word' id='word_1_537' title='bbox 1624 2726 1789 2758; x_wconf 88' lang='lat' dir='ltr'>comitatu</span> <span class='ocrx_word' id='word_1_538' title='bbox 1812 2725 1997 2759; x_wconf 88' lang='lat' dir='ltr'>mutinensi</span> <span class='ocrx_word' id='word_1_539' title='bbox 2019 2731 2055 2758; x_wconf 88' lang='lat' dir='ltr'>et</span> 
     </span>
     <span class='ocr_line' id='line_1_49' title="bbox 213 2778 1866 2822; baseline 0 -12"><span class='ocrx_word' id='word_1_540' title='bbox 213 2778 287 2810; x_wconf 72' lang='lat' dir='ltr'>fere</span> <span class='ocrx_word' id='word_1_541' title='bbox 309 2787 425 2810; x_wconf 90' lang='lat' dir='ltr'>omnes</span> <span class='ocrx_word' id='word_1_542' title='bbox 448 2778 543 2821; x_wconf 88' lang='lat' dir='ltr'>capti</span> <span class='ocrx_word' id='word_1_543' title='bbox 566 2779 604 2811; x_wconf 91' lang='lat' dir='ltr'>in</span> <span class='ocrx_word' id='word_1_544' title='bbox 625 2778 764 2812; x_wconf 88' lang='lat' dir='ltr'>Mutina</span> <span class='ocrx_word' id='word_1_545' title='bbox 786 2784 820 2812; x_wconf 86' lang='lat' dir='ltr'>et</span> <span class='ocrx_word' id='word_1_546' title='bbox 841 2780 921 2812; x_wconf 91' lang='lat' dir='ltr'>loco</span> <span class='ocrx_word' id='word_1_547' title='bbox 945 2779 1032 2812; x_wconf 92' lang='lat' dir='ltr'>dicti</span> <span class='ocrx_word' id='word_1_548' title='bbox 1055 2779 1212 2812; x_wconf 88' lang='lat' dir='ltr'>Rolandi</span> <span class='ocrx_word' id='word_1_549' title='bbox 1237 2780 1280 2812; x_wconf 91' lang='lat' dir='ltr'>de</span> <span class='ocrx_word' id='word_1_550' title='bbox 1303 2779 1437 2812; x_wconf 91' lang='lat' dir='ltr'>Rubeis</span> <span class='ocrx_word' id='word_1_551' title='bbox 1459 2780 1677 2822; x_wconf 89' lang='lat' dir='ltr'>postmodum</span> <span class='ocrx_word' id='word_1_552' title='bbox 1701 2778 1866 2811; x_wconf 85' lang='lat' dir='ltr'>relassati.</span> 
     </span>
     <span class='ocr_line' id='line_1_50' title="bbox 297 2830 2054 2866; baseline 0 -2"><span class='ocrx_word' id='word_1_553' title='bbox 297 2830 555 2864; x_wconf 88' lang='lat' dir='ltr'>M.CCCXXX.</span> <span class='ocrx_word' id='word_1_554' title='bbox 579 2832 714 2866; x_wconf 91' lang='lat' dir='ltr'>Eodem</span> <span class='ocrx_word' id='word_1_555' title='bbox 737 2842 838 2865; x_wconf 85' lang='lat' dir='ltr'>anno.</span> <span class='ocrx_word' id='word_1_556' title='bbox 862 2851 903 2855; x_wconf 91' lang='lat'>—-</span> <span class='ocrx_word' id='word_1_557' title='bbox 919 2832 1088 2865; x_wconf 87' lang='lat' dir='ltr'>Dominus</span> <span class='ocrx_word' id='word_1_558' title='bbox 1103 2832 1347 2865; x_wconf 89' lang='lat' dir='ltr'>Brandelixius</span> <span class='ocrx_word' id='word_1_559' title='bbox 1364 2833 1407 2865; x_wconf 86' lang='lat' dir='ltr'>de</span> <span class='ocrx_word' id='word_1_560' title='bbox 1422 2832 1649 2865; x_wconf 81' lang='lat' dir='ltr'>Picolominis</span> <span class='ocrx_word' id='word_1_561' title='bbox 1665 2832 1709 2865; x_wconf 92' lang='lat' dir='ltr'>de</span> <span class='ocrx_word' id='word_1_562' title='bbox 1725 2831 1826 2864; x_wconf 87' lang='lat' dir='ltr'>Senis</span> <span class='ocrx_word' id='word_1_563' title='bbox 1848 2831 1916 2863; x_wconf 77' lang='lat' dir='ltr'>fuit</span> <span class='ocrx_word' id='word_1_564' title='bbox 1939 2837 2054 2864; x_wconf 88' lang='lat' dir='ltr'>rector</span> 
     </span>
    </p>
   </div>
   <div class='ocr_carea' id='block_1_15' title="bbox 209 2882 1920 2930">
    <p class='ocr_par' dir='ltr' id='par_1_18' title="bbox 209 2882 1920 2930">
     <span class='ocr_line' id='line_1_51' title="bbox 209 2882 1920 2930; baseline 0.002 -15"><span class='ocrx_word' id='word_1_565' title='bbox 209 2882 386 2916; x_wconf 87' lang='lat' dir='ltr'>Bononiae</span> <span class='ocrx_word' id='word_1_566' title='bbox 407 2893 471 2926; x_wconf 92' lang='lat' dir='ltr'>pro</span> <span class='ocrx_word' id='word_1_567' title='bbox 493 2884 615 2926; x_wconf 89' lang='lat' dir='ltr'>primis</span> <span class='ocrx_word' id='word_1_568' title='bbox 636 2895 697 2917; x_wconf 84' lang='lat' dir='ltr'>sex</span> <span class='ocrx_word' id='word_1_569' title='bbox 718 2884 900 2918; x_wconf 87' lang='lat' dir='ltr'>mensibus.</span> <span class='ocrx_word' id='word_1_570' title='bbox 946 2885 1114 2918; x_wconf 89' lang='lat' dir='ltr'>Dominus</span> <span class='ocrx_word' id='word_1_571' title='bbox 1136 2885 1263 2919; x_wconf 86' lang='lat' dir='ltr'>Nicola</span> <span class='ocrx_word' id='word_1_572' title='bbox 1284 2886 1331 2918; x_wconf 89' lang='lat' dir='ltr'>de</span> <span class='ocrx_word' id='word_1_573' title='bbox 1354 2885 1516 2930; x_wconf 87' lang='lat' dir='ltr'>Eugubio</span> <span class='ocrx_word' id='word_1_574' title='bbox 1539 2885 1607 2918; x_wconf 74' lang='lat' dir='ltr'>fuit</span> <span class='ocrx_word' id='word_1_575' title='bbox 1630 2885 1920 2927; x_wconf 86' lang='lat' dir='ltr'>vicecapitaneus.</span> 
     </span>
    </p>
   </div>
   <div class='ocr_carea' id='block_1_16' title="bbox 296 2979 1074 3014">
    <p class='ocr_par' dir='ltr' id='par_1_19' title="bbox 296 2979 1074 3014">
     <span class='ocr_line' id='line_1_52' title="bbox 296 2979 1074 3014; baseline 0.004 -10"><span class='ocrx_word' id='word_1_576' title='bbox 296 2984 312 3014; x_wconf 83' lang='lat'><strong>3</strong></span> <span class='ocrx_word' id='word_1_577' title='bbox 330 2979 563 3013; x_wconf 74' lang='lat' dir='ltr'>vicecapitaneus]</span> <span class='ocrx_word' id='word_1_578' title='bbox 582 2984 695 3007; x_wconf 79' lang='lat' dir='ltr'>corretto</span> <span class='ocrx_word' id='word_1_579' title='bbox 711 2989 741 3006; x_wconf 81' lang='lat' dir='ltr'>su</span> <span class='ocrx_word' id='word_1_580' title='bbox 759 2982 913 3007; x_wconf 75' lang='lat' dir='ltr'>vicerector</span> <span class='ocrx_word' id='word_1_581' title='bbox 931 2983 1074 3007; x_wconf 79' lang='lat' dir='ltr'>cancellato</span> 
     </span>
    </p>
   </div>
  </div>
 </body>
</html>
