2242 3418
61 363 138 391 Mun„
152 364 187 386 17⁴

81 1543 101 1559 e.
116 1538 157 1557 108
172 1544 186 1557 a

49 2440 127 2464 Mum,
143 2440 181 2462 175

77 2551 96 2567 ε.
113 2546 155 2566 1⁰8
170 2546 182 2566 b

273 171 320 206 62
813 169 1103 206 MATTHAEI
1130 170 1200 204 DE
1231 169 1353 204 GRIF
1355 170 1386 204 F
1389 169 1580 206 ONIBUS
1833 178 1915 213 [AA.
1935 180 2121 216 1359-1360]

267 307 301 334 et
316 308 526 346 acceperunt
549 314 673 346 aquam
691 303 822 335 canalis
844 302 960 335 Rheni
977 302 1109 334 civitati
1125 301 1310 334 Bononiae.
1358 302 1405 334 Et
1428 306 1511 334 tunc
1536 309 1758 344 procuratum
1781 305 1849 337 fuit
1872 306 1966 348 quod
1989 307 2120 339 molen-

268 356 349 388 dina
379 357 591 388 macinarent
616 367 693 388 curn
717 367 807 399 aqua
831 355 1000 398 Sapinae.'
1046 356 1128 387 Post
1151 355 1342 397 praedicta,
1367 355 1462 387 dicta
1492 365 1577 398 gens
1600 355 1661 388 ivit
1684 357 1730 389 ad
1754 357 1852 390 villas
1875 358 2061 403 Argelatae
2084 367 2119 394 et

264 408 402 452 Argelis
425 415 458 441 et
483 409 530 442 ibi
553 415 721 442 steterunt
751 415 786 441 et
816 415 937 451 postea
960 420 1022 451 per
1053 413 1237 440 tractatum
1273 408 1466 440 habuerunt
1489 408 1647 440 Castrum
1671 410 1700 442 F
1702 410 1880 450 ranchum,
1903 418 1941 445 ut
1965 413 2008 445 de
2039 424 2119 455 pro-

265 462 356 494 ximo
380 462 442 494 tibi
466 462 579 494 dicam
603 463 637 494 in
661 462 790 506 pagina
813 463 979 505 sequenti.

353 515 573 548 MCCCLX.
600 533 640 537 —
664 515 832 547 Dominus
854 514 1052 547 Anthonius
1077 515 1120 547 de
1143 514 1330 556 Captaneis
1354 515 1396 546 de
1414 514 1530 547 Scona
1552 515 1619 547 fuit
1643 521 1794 558 potestas
1817 517 1993 551 Bononiae
2012 530 2120 563 usque
2166 519 2184 552 5

264 568 310 600 ad
334 568 497 600 calendas
520 569 655 610 aprelis.

353 622 486 653 Eodem
510 631 612 654 anno.
629 640 670 644 —
689 622 783 654 Gens
807 621 935 654 domini
952 620 1165 653 Bernabovis
1188 620 1412 653 vicecomitis
1436 621 1593 654 transivit
1616 623 1662 654 ad
1686 628 1794 655 terras
1817 624 1916 656 Plani
1941 626 2121 659 comitatus

265 674 441 707 Bononiae
464 680 498 707 et
521 674 569 707 ibi
592 676 700 708 multa
724 676 850 707 damna
874 675 1013 717 rapinas
1036 680 1070 706 et
1093 674 1256 706 incendia
1279 675 1447 707 fecerunt.

351 728 483 760 Eodem
513 738 615 766 anno,
642 729 685 760 de
715 738 831 760 mense
862 728 1039 760 februarii.
1065 746 1106 750 -—
1131 727 1289 760 Castrum
1313 729 1342 760 F
1344 727 1512 760 ranchum
1536 728 1738 761 rebellatum
1763 730 1829 763 fuit
1854 737 1975 764 contra
2000 733 2122 765 civita-

264 786 332 812 tem
364 781 541 813 Bononiae
571 787 606 813 et
637 781 801 813 traditum
833 781 972 813 domino
1003 780 1198 812 Bernabovi
1228 780 1425 822 proditione
1454 780 1643 825 Ardieonis
1675 783 1719 815 de
1749 783 1867 816 Momo
1900 785 1944 817 de
1967 785 2120 818 Novaria
2147 787 2186 819 10

264 834 462 875 proditoris,
494 834 552 877 qui
576 840 650 866 erat
681 834 882 876 capitaneus
916 834 1043 866 rochae
1068 834 1154 866 dicti
1178 834 1292 866 castri.
1338 835 1385 866 Et
1417 835 1538 867 eodem
1573 836 1726 874 instanti,
1755 847 1822 879 quo
1846 836 1941 870 dicta
1970 839 2121 880 proditio

263 888 358 919 facta
384 888 460 926 fuit,
485 893 607 930 captus
629 887 695 919 fuit
725 887 1000 926 Lombardellus,
1026 897 1133 929 nepos
1164 887 1369 919 Bernardoli
1394 888 1539 932 Ruccae
1572 889 1615 920 de
1647 888 1859 928 Mediolano,
1889 891 1987 934 cujus
2017 901 2120 924 occa-

260 940 355 972 sione
380 940 493 973 dictus
515 939 714 984 Ardiconus
737 946 770 972 et
794 941 868 983 ejus
891 940 975 972 socii
999 950 1063 982 pro
1087 940 1324 982 proditoribus
1354 940 1488 972 banniti
1511 942 1663 974 fuerunt.
1711 942 1792 981 Quo
1823 948 1978 986 tempore
2009 944 2121 978 dictus

262 993 419 1025 dominus
442 993 616 1036 Johannes
640 994 683 1026 de
707 994 841 1037 Olegio,
866 993 989 1026 videns
1012 1004 1048 1025 se
1073 993 1188 1025 taliter
1212 994 1362 1026 conduci
1385 999 1419 1026 et
1443 1004 1512 1026 non
1537 995 1655 1026 valens
1679 995 1837 1028 resistere
1866 998 2024 1039 expensis
2053 1007 2119 1031 nec

261 1057 402 1089 sperans
425 1057 526 1089 posse
550 1052 667 1079 tenere
699 1047 872 1079 civitatem
904 1047 1094 1086 Bononiae,
1118 1046 1266 1079 maxime
1290 1047 1372 1089 quia
1402 1057 1520 1079 omnes
1544 1048 1638 1080 cives
1669 1054 1768 1081 erant
1790 1049 1879 1081 male
1911 1051 2064 1084 contenti
2086 1057 2121 1084 et
2147 1050 2184 1084 15

261 1100 446 1142 praecipue
471 1101 596 1139 Guelfi,
628 1101 687 1143 qui
722 1106 821 1132 erant
843 1100 938 1132 avidi
962 1106 1070 1132 status
1104 1100 1286 1133 Ecclesiae
1309 1106 1343 1132 et
1367 1106 1464 1132 erant
1487 1101 1523 1132 in
1550 1101 1699 1144 decuplo
1735 1113 1838 1145 quam
1862 1102 1931 1142 alii,
1955 1105 2120 1137 tractavit

261 1154 343 1186 dare
366 1152 560 1186 Bononiam
585 1154 724 1186 domino
749 1154 918 1186 cardinali
943 1153 1135 1192 Sabinensi‚
1160 1163 1238 1185 cum
1262 1159 1365 1196 pacto
1390 1154 1484 1197 quod
1507 1154 1583 1196 ipse
1607 1155 1765 1187 dominus
1779 1156 1955 1198 Johannes
1979 1157 2121 1190 deberet

259 1218 333 1240 esse
357 1209 516 1240 dominus
553 1208 702 1241 civitatis
724 1208 832 1240 Firmi
855 1213 890 1240 et
921 1207 1075 1239 marchio
1109 1207 1290 1239 Marchiae
1320 1207 1550 1239 anconitanae
1585 1209 1631 1240 ad
1654 1208 1759 1240 vitam
1791 1219 1904 1247 suam3
1927 1215 1962 1242 et
1984 1210 2034 1243 sic
2064 1211 2120 1243 fa·-

262 1266 354 1293 ctum
378 1262 454 1294 fuit.
1881 1297 1885 1301 ,

350 1315 484 1348 Eodem
507 1324 610 1354 anno,
636 1315 692 1347 die
715 1325 793 1356 XVIJ
817 1314 941 1347 martii.
967 1333 1008 1338 —
1031 1314 1199 1347 Dominus
1221 1314 1366 1347 Blascus
1390 1315 1605 1354 Fernandus,
1630 1315 1737 1354 miles,
1762 1316 1916 1348 marchio
1939 1316 2120 1350 Marchiae
2142 1319 2186 1351 20

259 1368 500 1407 anconitanae,
523 1379 587 1411 pro
605 1368 700 1407 dicto
725 1368 863 1401 domino
888 1368 1058 1401 cardinali
1080 1373 1114 1400 et
1138 1378 1201 1410 pro
1226 1373 1346 1400 sancta
1369 1367 1539 1407 Ecclesia,
1564 1368 1705 1401 intravit
1737 1369 1911 1401 civitatem
1942 1370 2121 1403 Bononiae

258 1432 336 1453 cum
361 1422 501 1454 domino
523 1421 721 1466 Aymerico‚
745 1421 909 1464 episcopo
933 1421 1135 1460 Vulterano,
1159 1421 1372 1453 thesaurario
1396 1422 1575 1460 ecclesiae,
1598 1427 1633 1454 et
1658 1422 1797 1454 domino
1829 1422 1932 1454 Petro
1964 1423 2008 1455 de
2035 1424 2121 1456 Far-

259 1475 362 1507 nexio
386 1481 421 1508 et
443 1475 559 1507 multis
581 1475 658 1507 aliis
681 1475 841 1519 gentibus
874 1484 1065 1512 armorum3
1090 1475 1134 1507 de
1165 1485 1232 1517 quo
1257 1474 1350 1507 cives
1373 1475 1550 1507 Bononiae
1573 1475 1676 1507 valde
1706 1476 1824 1508 laetati
1847 1481 1881 1508 et
1903 1476 2014 1520 gavisi
2045 1477 2121 1538 fue-

262 1528 362 1561 runt!
407 1529 453 1561 Et
477 1529 658 1561 descendit
680 1528 716 1560 in
731 1528 862 1571 palatio
888 1528 1018 1560 domini
1041 1528 1210 1571 Johannis
1234 1528 1277 1560 de
1299 1527 1437 1570 Pepolis
1460 1529 1497 1560 in
1520 1533 1628 1560 strata
1644 1528 1852 1561 Castilionis.

348 1582 481 1614 Eodem
504 1591 607 1620 ann0‚
633 1582 688 1614 die
713 1591 821 1622 xvn1J
843 1581 967 1613 martii.
993 1599 1034 1603 —
1059 1581 1138 1614 Vox
1161 1586 1194 1612 et
1218 1581 1311 1613 fama
1334 1581 1400 1613 fuit
1423 1582 1460 1613 in
1483 1581 1612 1624 populo
1635 1581 1812 1614 Bononiae
1843 1583 1937 1625 quod
1961 1583 2120 1616 dominus
2142 1583 2184 1616 25

256 1635 434 1678 Johannes
457 1635 502 1667 de
525 1634 648 1678 Olegio
671 1634 811 1667 nolebat
834 1635 951 1666 facere
975 1644 1016 1666 ea
1047 1644 1135 1677 quae
1159 1634 1373 1676 promiserat,
1399 1634 1480 1677 quia
1511 1635 1670 1667 dominus
1693 1634 1870 1668 Bernabos
1893 1635 2032 1669 volebat
2054 1637 2120 1670 sibi

258 1689 374 1720 facere
397 1688 539 1720 meliora
565 1693 669 1730 pacta
699 1698 802 1730 quam
827 1687 986 1719 dominus
1010 1687 1207 1719 cardinalis.
1255 1687 1335 1725 Qua
1360 1688 1402 1719 de
1428 1698 1531 1719 causa
1555 1688 1703 1729 populus
1719 1688 1938 1721 bononiensis
1954 1690 2058 1722 traxit
2073 1691 2120 1723 ad

257 1751 353 1773 arma
376 1746 411 1773 et
435 1740 631 1773 clamabant
654 1750 787 1772 omnes:
807 1758 849 1763 -
866 1740 971 1773 Vivat
994 1739 1171 1772 Ecclesia!
1190 1758 1230 1762 —
1248 1740 1294 1772 Et
1316 1750 1402 1783 gens
1417 1740 1548 1772 domini
1571 1740 1748 1782 Johannis,
1774 1751 1861 1783 quae
1885 1747 1959 1774 erat
1980 1742 2016 1774 in
2033 1742 2120 1775 cita-

259 1794 360 1833 della,
385 1793 578 1826 clamabat:
597 1811 638 1816 —
655 1793 762 1826 Vivat
778 1793 938 1826 dominus
953 1792 1147 1836 Johannes}
1164 1811 1205 1815 -—
1221 1793 1267 1825 Et
1283 1793 1351 1825 nisi
1366 1793 1511 1825 fuissent
1528 1793 1641 1825 dictus
1657 1794 1812 1826 marchio
1828 1799 1863 1826 et
1880 1795 2038 1827 dominus
2053 1795 2119 1828 Pe-

256 1852 329 1878 trus
346 1847 389 1879 de
405 1846 575 1879 Farnexio
591 1851 625 1879 et
641 1846 715 1891 ejus
730 1851 860 1890 gentes,
878 1846 936 1889 qui
953 1845 1180 1878 obviaverunt
1203 1851 1238 1878 et
1261 1846 1505 1890 mitigaverunt
1528 1846 1703 1888 populum,
1727 1846 1801 1889 ipse
1825 1847 1980 1880 tirannus
1996 1853 2031 1881 et
2045 1854 2119 1881 tota
2141 1849 2184 1881 30

254 1899 329 1943 ejus
350 1910 434 1944 gens
456 1905 555 1932 erant
577 1909 695 1931 omnes
718 1899 842 1931 mortui
865 1910 887 1931 a
909 1899 1039 1941 populo
1061 1898 1136 1931 sine
1159 1899 1255 1931 fallo.

344 1953 478 1986 Eodem
501 1962 606 1991 anno,
630 1952 686 1985 die
709 1952 821 1994 primo
837 1952 976 1994 aprelis.
994 1971 1036 1974 —
1059 1952 1227 1984 Dominus
1250 1952 1424 1995 Johannes
1441 1953 1485 1985 de
1501 1952 1634 1996 Olegio,
1659 1953 1815 1985 tirannus
1830 1954 2040 1995 praedictus,
2056 1965 2119 1987 no-

256 2006 322 2039 ctis
345 2011 500 2049 tempore
522 2006 664 2038 recessit
688 2006 732 2038 de
756 2005 901 2038 civitate*
919 2005 1097 2038 Bononiae
1121 2011 1155 2037 et
1178 2005 1284 2038 exivit
1307 2015 1371 2048 per
1393 2011 1529 2047 portam
1552 2005 1664 2038 sancti
1688 2006 1862 2038 Mammae
1884 2013 1918 2039 et
1941 2007 2005 2040 ivit
2026 2008 2118 2040 Imo-

255 2060 325 2091 lam
349 2065 383 2091 et
405 2059 514 2092 libere
537 2058 666 2092 dimisit
682 2058 870 2091 dominium
896 2058 1046 2091 civitatis
1061 2058 1239 2091 Bononiae
1256 2058 1350 2090 dicto
1368 2058 1507 2090 domino
1523 2058 1659 2091 Blasco.
1706 2059 1777 2097 Qui
1802 2060 1960 2093 dominus
1975 2060 2118 2093 Blascus

256 2111 370 2145 statim
392 2112 457 2145 ivit
480 2112 526 2145 ad
541 2112 702 2144 standum
719 2111 754 2143 in
776 2111 906 2154 palatio
922 2112 1068 2154 plateae,
1093 2111 1152 2144 ubi
1177 2111 1290 2144 dictus
1314 2112 1472 2144 dominus
1491 2112 1666 2154 Johannes
1684 2113 1727 2144 de
1751 2112 1875 2156 Olegio
1907 2113 2116 2147 morabatur.
2139 2113 2181 2147 35

344 2166 476 2198 Eodem
499 2175 601 2198 anno.
628 2183 669 2188 --
692 2165 851 2198 Castrum
876 2164 1062 2198 Seravallis
1089 2165 1271 2197 comitatus
1293 2164 1471 2197 Bononiae
1494 2175 1530 2197 se
1553 2166 1731 2198 revellavit
1763 2172 1884 2198 contra
1914 2167 2116 2207 Bononiam,

256 2218 424 2251 seditione
449 2218 580 2251 domini
603 2218 748 2262 Ugolini
776 2219 820 2251 de
844 2218 1055 2262 Savignano,
1079 2229 1158 2250 cum
1182 2224 1332 2251 tractatu
1355 2218 1561 2250 rusticorum
1585 2224 1619 2250 et
1643 2219 1728 2251 dicti
1752 2219 1883 2251 domini
1905 2220 2059 2264 Ugolini,
2082 2226 2118 2253 et

256 2272 412 2304 similiter
435 2272 543 2304 multa
565 2271 634 2304 alia
657 2277 771 2304 castra
793 2277 828 2304 et
850 2271 954 2304 villae
978 2272 1022 2304 de
1045 2271 1136 2304 valle
1159 2271 1286 2304 Rheni.

346 2325 477 2358 Eodem
501 2335 603 2357 anno.
621 2342 662 2347 —
678 2324 846 2357 Dominus
870 2324 1057 2357 cardinalis
1081 2324 1281 2358 Sabinensis
1304 2325 1456 2367 splanari
1480 2325 1566 2358 fecit
1589 2326 1720 2364 foveas,
1744 2326 1964 2368 palancatum
1987 2331 2022 2359 et
2043 2327 2116 2360 for-

257 2377 395 2411 tilitium
418 2377 660 2420 Forimpopuii
682 2383 717 2410 et
738 2378 850 2420 ipsum
873 2378 1011 2410 reduxit
1030 2378 1080 2411 ‘ad
1104 2378 1223 2410 villam
1246 2384 1281 2410 et
1303 2378 1543 2421 episcopatum
1567 2389 1665 2411 suum
1689 2379 1833 2411 tradidit
1848 2379 2064 2418 Brittenorii3
2080 2385 2115 2412 et
2139 2380 2182 2412 40

258 2431 325 2463 hoc
350 2431 430 2474 quia
455 2436 576 2464 contra
598 2431 710 2474 ipsum
745 2430 920 2463 dominum
956 2431 1170 2463 cardinalem
1192 2431 1344 2475 jactatus
1367 2431 1449 2464 fuit'
1473 2442 1562 2464 unus
1585 2438 1768 2465 veretonus
1792 2443 1869 2465 cum
1892 2443 1962 2465 una
1991 2432 2117 2465 balista

257 2494 386 2528 grossa.
1616 2507 1622 2512 -

346 2538 478 2571 Eodem
502 2548 594 2571 anno
609 2537 819 2572 MCCCLX.
845 2556 887 2561 —
909 2538 1033 2571 Dictus
1048 2538 1220 2571 exercitus
1243 2539 1403 2571 transivit
1426 2539 1472 2572 ad
1495 2545 1636 2582 pontem
1659 2539 1796 2578 Ydicis,
1814 2540 1907 2572 stetit
1922 2549 1985 2582 per
1999 2539 2115 2582 plume

257 2591 464 2633 septimanas
486 2597 522 2624 et
543 2597 753 2634 acceperunt
776 2592 884 2624 multa
908 2596 1022 2624 castra
1044 2592 1081 2623 in
1104 2592 1195 2624 valle
1219 2592 1334 2631 Idicis‚
1359 2592 1524 2625 videlicet
1547 2598 1697 2625 castrum
1720 2592 1911 2631 Britonum,
1928 2592 2115 2636 Ulgianum

258 2649 293 2676 et
316 2644 569 2688 Varignanam3
593 2650 628 2677 et
651 2644 701 2677 sic
724 2655 849 2688 guerra
872 2644 956 2677 dicti
981 2644 1111 2677 domini
1135 2645 1347 2678 Bernabovis
1370 2646 1506 2678 duravit
1531 2657 1634 2688 super
1656 2646 1820 2678 comitatu
1843 2645 2020 2678 Bononiae
2049 2656 2113 2688 per
2138 2643 2179 2678 45

258 2702 367 2729 totum
390 2706 541 2730 mensem
564 2697 776 2740 septembris.
822 2697 868 2730 Et
890 2698 1050 2731 fecerunt
1073 2706 1177 2730 unam
1201 2697 1361 2731 bastitam
1378 2699 1424 2731 ad
1439 2699 1686 2737 Castenasium‚
1710 2698 1876 2731 videlicet
1898 2699 1945 2731 ad
1960 2703 2112 2740 pontem,

257 2750 294 2782 in
318 2761 386 2793 qua
409 2750 536 2783 bastita
558 2750 772 2783 incluserunt
794 2756 946 2793 pontem,
970 2751 1152 2784 ecclesiam
1175 2756 1210 2783 et
1231 2751 1412 2794 hospitale,
1436 2757 1471 2784 et
1494 2752 1618 2784 muniri
1642 2753 1801 2784 fecerunt
1823 2751 1932 2794 ipsam
1957 2761 2035 2783 cum
2058 2752 2113 2783 fo-

258 2802 331 2835 veis
353 2809 388 2836 et
410 2804 606 2846 palancato.

345 2856 478 2890 Eodem
500 2866 603 2897 anno,
628 2857 672 2890 de
694 2867 810 2890 mense
821 2858 963 2901 aprelis.
987 2875 1030 2881 —
1052 2856 1317 2892 Ambaxiatores
1340 2859 1434 2892 cives
1457 2858 1634 2892 Bononiae
1656 2858 1748 2891 missi
1771 2859 1911 2891 fuerunt
1934 2858 1980 2890 ad
2004 2857 2114 2891 domi-

258 2919 339 2941 num
362 2920 488 2952 papam
511 2910 763 2950 Innocentium,
785 2911 964 2944 videlicet:
983 2911 1140 2944 dominus
1163 2910 1270 2944 abbas
1293 2912 1569 2951 Nonantulanus‚
1594 2911 1751 2944 dominus
1774 2911 1949 2954 Johannes
1973 2911 2016 2943 de
2033 2909 2113 2942 Cal·
2137 2907 2179 2942 50
