2242 3418
164 171 248 208 [ΛΑ.
268 174 456 206 1425-14261
741 166 864 202 MEM
871 165 1069 202 ORIALE
1097 165 1419 202 HISTORICUM
1494 156 1496 160 ⁴
1926 161 1996 197 109

249 298 382 331 Eodem
405 306 507 337 anno,
539 297 598 331 die
628 307 692 339 XXJ
722 298 804 342 maji
840 295 934 330 1425.
959 316 1000 320 —
1027 297 1234 341 Magnificus
1265 297 1433 335 dominus,
1466 296 1624 330 dominus
1654 294 1820 327 Nicolaus
1850 291 2004 325 marchio

162 350 325 390 Estensis,
356 351 511 383 marchio
542 350 693 390 Ferarie,
717 351 870 393 repperit
892 351 1050 395 Ugonem
1080 351 1154 394 ejus
1185 350 1374 382 naturalem
1400 349 1518 388 filium,
1543 349 1665 381 aetatis
1688 357 1739 379 xx
1760 356 1927 379 annorum
1951 345 2006 377 vel

162 404 267 443 circa,
284 414 362 436 cum
379 404 520 437 domina
535 404 702 443 Parisina,
719 405 793 448 ejus
807 414 925 443 uxore,
943 404 980 435 in
997 404 1100 436 modo
1116 403 1218 436 valde
1234 403 1415 435 inhonesto
1431 402 1468 434 in
1484 403 1574 434 lecto
1590 412 1668 434 cum
1687 401 1782 434 dicta
1798 400 1870 443 ejus
1885 408 2004 437 uxore,

161 458 235 501 ejus
257 466 416 490 noverca.
463 458 543 497 Qua
566 458 611 491 de
634 468 736 490 causa
760 458 833 500 ipse
857 457 942 489 fecit
965 457 1058 499 ipsos
1081 456 1199 489 ambos
1223 455 1414 498 decapitari
1443 461 1478 487 et
1506 455 1666 487 similiter
1696 454 1782 486 fecit
1814 452 2006 494 decapitari

120 509 139 541 5
163 511 345 553 quemdam
368 509 670 544 Aldrovandinum
695 511 738 543 de
761 510 991 554 Rangonibus
1015 511 1058 543 de
1081 509 1229 548 Mutina,
1253 509 1384 541 socium
1409 509 1496 541 dicti
1513 508 1658 552 Ugonis,
1675 512 1709 540 et
1725 507 1810 540 fecit
1826 507 1929 539 etiam
1947 506 2007 538 de-

162 563 310 605 capitari
335 564 420 596 duas
444 564 644 597 domicellas
667 563 783 596 dictae
807 563 967 596 dominae
983 563 1179 596 Parixinae.
1225 562 1271 595 Et
1295 562 1338 595 de
1354 562 1430 604 ipsa
1445 567 1554 594 morte
1571 560 1659 594 dicti
1675 560 1809 604 Ugonis
1832 565 1923 592 totus
1944 569 2007 601 po-

161 616 260 658 pulus
283 615 446 648 Ferariae
478 617 589 649 doluit
619 616 767 655 fortiter,
799 616 881 659 quia
903 616 978 659 ipse
1001 621 1074 648 erat
1096 616 1198 648 valde
1221 614 1350 658 probus
1380 620 1414 647 et
1445 615 1547 647 valde
1577 614 1803 656 pulcerrimus
1833 618 1868 645 et
1898 612 2023 645 bonus·

160 668 296 712 juvenis
319 674 353 702 et
376 670 478 703 valde
502 670 648 703 dilectus
664 669 701 701 in
717 670 845 712 populo
869 668 1060 701 ferariensi.
1108 668 1153 701 Et
1178 668 1273 701 dicta
1297 668 1438 701 domina
1461 667 1617 700 Parisine
1641 672 1715 699 erat
1738 667 1782 699 de
1805 665 2007 703 MalatestiS‚

161 721 233 754 filia
256 722 338 754 olim
361 723 575 762 Malatestae‚
601 722 733 756 domini
757 722 912 754 civitatis
934 722 1119 755 Caesenae.

100 774 139 806 10
250 775 382 809 Eodem
406 785 508 815 anno,
534 776 578 809 de
600 785 715 808 mense
736 775 837 819 junii.
862 794 902 798 —-
927 774 1072 807 Flumen
1095 775 1184 807 Padi
1202 774 1288 807 fecit
1304 774 1487 807 maximam
1504 779 1639 816 ruptam
1663 772 1827 805 Ferariae
1849 777 1883 804 et
1906 772 2008 804 inun-

163 828 260 861 davit
282 828 483 862 maximum'
513 835 686 862 terrenum
720 828 902 861 comitatus
936 828 1109 867 Ferariae,
1143 834 1286 870 propter
1318 828 1412 871 quod
1448 827 1543 860 dicta
1573 832 1674 869 rupta
1704 826 1790 858 fecit
1819 826 2006 858 maximum

99 880 101 882 ’
162 882 324 914 damnum
348 883 386 914 in
409 882 575 915 comitatu
597 882 786 922 Bononiae,
810 882 976 914 videlicet
999 881 1118 914 Altedi
1142 887 1176 914 et
1199 881 1318 924 Capiti
1342 881 1493 924 Sapinae
1516 887 1551 913 et
1575 880 1720 913 terrenis
1743 879 1847 912 Podii
1863 879 2007 922 Regna-

162 934 226 967 tici
248 941 283 967 et
305 936 352 969 ad
375 936 514 968 domum
537 935 748 968 salvaticam.
794 936 841 968 Et
865 935 997 968 dictum
1020 934 1089 967 fuit
1121 935 1215 978 quod
1247 934 1406 967 dominus
1436 934 1592 966 marchio
1623 932 1786 966 Ferariae
1816 932 1903 965 fecit
1933 932 2007 964 fieri

163 987 293 1020 dictam
316 994 468 1032 ruptam:
493 994 607 1021 tamen
631 998 700 1021 non
724 989 830 1022 credo
861 989 955 1031 quod
986 987 1060 1030 ipse
1096 987 1202 1020 fuerit
1237 998 1351 1027 causa,
1386 987 1468 1031 quia
1496 987 1571 1030 ipse
1593 992 1628 1019 et
1650 986 1797 1032 populus
1827 985 2008 1018 Ferrariae

101 1038 138 1072 15
163 1041 283 1074 habuit
306 1052 432 1086 magna
455 1043 582 1075 damna
605 1042 701 1075 dicta
725 1042 768 1074 de
791 1052 904 1074 causa.

251 1094 383 1128 Eodem
407 1104 509 1134 anno,
535 1095 578 1127 de
601 1105 716 1127 mense
738 1094 885 1139 augusti.
910 1113 951 1117 «-
975 1094 1141 1126 Hercules
1165 1095 1208 1127 de
1231 1093 1463 1138 Bentevoglis‚
1495 1094 1605 1126 frater
1636 1092 1769 1126 domini
1793 1090 1939 1124 Antonii
1964 1092 2008 1124 de

162 1147 393 1192 Bentevoglis,
410 1147 557 1181 decessit
580 1152 614 1179 et
636 1153 789 1180 mortuus
812 1148 880 1181 fuit
903 1148 940 1180 in
964 1148 1113 1191 quodam
1137 1146 1280 1190 proelio,
1305 1147 1398 1190 quod
1422 1146 1490 1179 fuit
1506 1146 1543 1178 in
1561 1146 1727 1179 comitatu
1750 1144 1938 1177 Faventiae
1954 1144 2008 1176 in-

163 1206 216 1232 ter
238 1206 357 1244 gentes
381 1201 513 1234 domini
538 1200 638 1233 ducis
667 1200 860 1233 Mediolani
883 1207 918 1233 et
941 1206 1060 1245 gentes
1083 1199 1373 1239 Florentinorum,
1408 1201 1455 1233 ad
1490 1210 1634 1243 quorum
1666 1198 1876 1241 stipendium
1910 1203 2008 1230 erant

164 1253 251 1286 dicti
276 1254 435 1286 dominus
456 1253 630 1286 Antonius
653 1258 687 1286 et
710 1253 876 1286 Hercules
898 1255 1008 1286 frater
1031 1264 1120 1286 suus.

97 1307 139 1338 20
250 1307 395 1340 Eodem>
409 1316 510 1346 anno,
536 1307 579 1339 de
602 1316 717 1339 mense
740 1307 876 1351 augusti
903 1305 997 1340 1425.
1015 1326 1056 1330 —
1073 1307 1166 1340 Gens
1190 1306 1323 1340 domini
1347 1306 1447 1339 ducis
1469 1305 1674 1345 Mediolani,
1691 1306 1789 1349 cujus
1806 1304 2006 1347 capitaneus

163 1364 237 1393 erat
258 1359 412 1405 Agnelus
436 1361 480 1393 de
503 1360 660 1404 Pergola,
684 1360 878 1393 habuerunt
908 1370 971 1403 per
1001 1360 1071 1392 vim
1103 1365 1252 1393 castrum
1281 1359 1429 1393 Solaroli
1452 1365 1486 1392 et
1510 1359 1621 1402 ipsum
1653 1369 1716 1402 pro
1740 1358 1888 1391 maxima
1911 1363 2009 1400 parte

163 1413 430 1447 combusserunt.

251 1467 383 1499 Eodem
406 1476 509 1506 anno,
534 1466 592 1499 die
615 1476 665 1499 xv
687 1466 814 1499 mensis
838 1466 1051 1509 septembris.
1077 1485 1117 1489 —
1143 1466 1327 1509 Impositus
1350 1466 1418 1498 fuit
1435 1465 1527 1509 ignis
1543 1465 1727 1498 casualiter
1742 1465 1780 1497 in
1797 1464 1926 1507 palatio
1947 1464 2009 1496 do-

163 1519 250 1551 mini
274 1520 392 1559 nostri,
418 1519 551 1552 domini
568 1520 684 1564 legati,
701 1519 737 1551 in
754 1529 923 1562 campana
947 1519 1030 1559 diei,
1054 1525 1196 1562 propter
1219 1530 1320 1563 quern
1344 1519 1460 1563 ignem
1484 1519 1699 1552 combustum
1722 1518 1791 1551 fuit
1807 1517 2008 1550 curitorium

97 1571 138 1604 25
163 1572 373 1617 lignaminis,
397 1573 491 1616 quod
513 1578 587 1605 erat
609 1583 718 1615 prope
740 1577 875 1614 portam
900 1572 987 1605 dicti
1011 1572 1140 1615 palacii
1164 1572 1201 1604 in
1225 1572 1318 1604 facie
1345 1572 1479 1615 plateae
1486 1585 1496 1611 3
1520 1577 1554 1605 et
1578 1572 1646 1605 fuit
1669 1572 1836 1604 maximus
1859 1570 1951 1615 ignis
1974 1576 2008 1602 et

164 1626 285 1658 fuisset
307 1626 409 1659 valde
431 1626 540 1669 pejus,
564 1626 631 1658 nisi
655 1625 776 1658 fuisset
807 1626 858 1658 ita
889 1635 997 1668 prope
1021 1625 1124 1658 diem.
1171 1626 1218 1658 Et
1240 1635 1328 1658 unus
1351 1625 1531 1668 presbiter,
1556 1625 1615 1669 qui
1638 1630 1781 1668 propter
1803 1635 1864 1656 sua
1880 1623 2010 1657 delicta

164 1683 238 1711 erat
260 1679 297 1711 in
319 1678 423 1723 gabia
446 1678 574 1721 palacii
599 1678 732 1712 domini
756 1679 946 1720 potestatis,
971 1679 1040 1711 fuit
1063 1678 1132 1718 ille,
1157 1678 1217 1721 qui
1241 1684 1374 1711 tantum
1407 1678 1580 1717 clamavit,
1605 1679 1698 1721 quod
1722 1677 1808 1710 fecit
1831 1677 1925 1720 quod
1956 1676 2008 1708 illi

163 1732 207 1765 de
230 1732 366 1774 palacio
389 1737 567 1764 senserunt
589 1732 701 1774 ipsum
724 1731 840 1775 ignem
864 1737 898 1764 et
921 1741 1039 1764 omnes
1062 1736 1240 1764 traxerunt
1262 1732 1309 1765 ad
1332 1731 1603 1775 extinguendum
1628 1731 1739 1773 ipsum
1763 1730 1888 1774 ignem.

251 1785 383 1818 Eodem
406 1794 509 1825 anno,
534 1785 592 1818 die
605 1808 613 1817 .
628 1809 636 1817 .
649 1809 657 1817 .
671 1809 679 1817 .
711 1784 923 1827 septembris.
949 1803 990 1807 -—
1014 1784 1116 1825 Obiit,
1136 1783 1310 1817 Antonius
1326 1784 1482 1827 Philippi
1507 1785 1551 1817 de
1577 1784 1764 1822 Guidottis,
1788 1783 1877 1816 civis
1898 1783 2008 1816 bono-

97 1839 140 1870 30
163 1838 302 1877 niensis,
315 1843 349 1871 et
361 1838 513 1881 sepultus
527 1838 595 1870 fuit
610 1838 657 1871 ad
674 1837 839 1871 Sanctum
855 1837 1076 1870 Dominicum
1092 1838 1239 1870 fratrum
1256 1837 1550 1877 Praedicatorum,
1567 1837 1749 1879 superstite
1766 1836 1918 1879 Filippo,
1935 1837 2009 1880 ejus

163 1891 233 1924 filio
256 1884 451 1924 et‘herede.

250 1944 383 1981 Eodem
405 1954 508 1983 anno,
533 1945 577 1977 de
599 1954 714 1977 mense
737 1944 900 1977 octobris.
925 1948 976 1967 —-'
992 1944 1235 1978 Lambertinus
1270 1943 1466 1988 Ugucionis
1497 1945 1542 1977 de
1566 1944 1678 1988 Gagio
1704 1945 1747 1977 de
1770 1942 2005 1976 Romandiola

163 1997 231 2030 fuit
255 2002 376 2040 captus
399 2008 462 2040 per
483 2003 603 2042 gentes
627 1997 727 2030 ducis
749 1997 943 2030 Mediolani
968 2003 1003 2030 et
1026 1998 1095 2030 fuit
1118 2008 1299 2041 suspensus
1329 1998 1376 2031 ad
1407 1999 1524 2030 furcas
1547 1997 1584 2029 in
1609 1998 1717 2030 Imola
1740 2003 1775 2030 et
1797 2002 1917 2039 postea
1940 1996 2008 2028 fuit

163 2056 375 2094 squarcatus.
398 2048 401 2050 ’
419 2051 513 2083 Deus
536 2056 657 2093 parcat
680 2050 817 2083 animae
840 2061 930 2083 suae.

97 2103 138 2135 35
250 2103 317 2135 Die
340 2113 434 2145 xvuJ
456 2103 582 2136 mensis
605 2103 811 2143 novembris,
835 2104 965 2136 martis.
982 2123 1023 2127 -—
1039 2104 1214 2148 Johannes
1231 2105 1275 2137 de
1291 2104 1453 2137 Ysolanis
1470 2104 1569 2138 duxit
1585 2104 1622 2136 in
1638 2114 1779 2137 uxorem
1801 2103 2006 2147 Johannam,

163 2157 381 2190 domicellam
404 2156 510 2189 filiam
533 2156 666 2190 domini
688 2157 919 2189 Bartolomaei
943 2158 987 2190 de
1009 2157 1158 2201 Macolis
1180 2157 1301 2190 militis
1324 2157 1555 2190 bononiensis.

251 2208 558 2249 M.CCCCXXVI,
590 2210 648 2242 die
679 2219 784 2251 xwa
813 2210 975 2254 januarii.
1008 2229 1050 2233 —
1081 2210 1206 2243 Ninxit
1236 2210 1319 2243 satis
1354 2210 1502 2243 fortiter.
1550 2211 1595 2243 Et
1626 2216 1708 2243 nota
1739 2211 1832 2254 q'uod
1863 2215 2004 2243 steterat

163 2268 292 2306 septem
315 2261 499 2301 mensibus,
524 2263 618 2306 quod
641 2272 827 2306 numquam
850 2263 949 2305 pluit,
974 2272 1038 2295 nec
1062 2263 1177 2296 ninxit
1200 2264 1237 2295 in
1262 2262 1430 2302 Bononia,
1454 2263 1509 2295 vel
1532 2264 1606 2308 ejus
1638 2263 1821 2302 comitatu3
1847 2272 1910 2295 nec
1942 2273 2006 2295 un-

163 2327 265 2359 quam
288 2315 357 2347 fuit
379 2315 454 2347 visa
476 2325 539 2357 per
561 2315 735 2348 hominem
758 2315 931 2348 viventem
955 2315 992 2348 in
1015 2316 1173 2349 Bononia
1196 2316 1318 2349 similis
1348 2322 1458 2349 aestas
1481 2327 1544 2358 pro
1569 2316 1704 2349 civibus
1727 2322 1762 2349 et
1785 2316 2006 2348 comitatinis.

97 2370 139 2401 40
161 2369 340 2402 Laudetur
361 2368 454 2401 Deus
477 2373 511 2400 et
534 2369 717 2411 provideat
741 2369 784 2401 de
807 2368 898 2401 bono
922 2369 959 2401 in
983 2370 1103 2402 melius
1118 2370 1156 2401 in
1172 2369 1227 2402 his
1242 2375 1276 2402 et
1292 2369 1371 2402 aliis
1387 2379 1450 2412 pro
1466 2369 1557 2402 bono
1573 2369 1682 2412 ipsius
1698 2369 1871 2402 civitatis:
1896 2379 2006 2402 amen.

251 2422 384 2455 Eodem
408 2431 509 2454 anno.
533 2440 575 2444 —
599 2420 709 2454 Facta
732 2422 800 2454 fuit
823 2422 894 2466 liga
924 2423 969 2455 ad
1000 2422 1150 2455 invicem
1181 2433 1244 2465 per
1274 2433 1420 2455 comune
1443 2423 1678 2462 Venetiarum,
1711 2423 1887 2455 dominum
1918 2433 2008 2455 mar-

163 2474 324 2507 chionem
349 2475 393 2507 de
415 2473 570 2513 Feraria,
595 2475 772 2507 dominum
794 2474 960 2507 Mantuae
983 2481 1017 2508 et
1040 2474 1260 2508 Florentinos
1282 2481 1317 2508 et
1339 2486 1458 2508 eorum
1481 2486 1655 2519 sequaces,
1685 2481 1806 2509 contra
1829 2476 2006 2508 dominum

164 2527 287 2561 ducem
310 2526 605 2560 Mediolanensem
628 2527 863 2571 guericantem
886 2538 964 2560 cum
988 2528 1208 2561 Florentinis.

251 2581 384 2613 Eodem
396 2589 498 2619 anno,
512 2580 556 2612 de
568 2589 683 2612 mense
699 2581 826 2613 martii.
839 2599 880 2604 —
895 2581 1022 2614 Gentes
1034 2581 1148 2625 lighae
1162 2582 1439 2614 Florentinorum
1452 2582 1666 2614 intraverunt
1680 2582 1856 2615 civitatem
1867 2582 2008 2616 Brixiae

97 2632 138 2665 45
163 2638 313 2666 tractatu
338 2633 541 2666 Guelforum
566 2633 610 2665 de
631 2633 752 2666 Brixia
775 2638 809 2665 et
832 2633 977 2666 aliorum
1002 2634 1203 2666 Guelforum
1227 2635 1445 2677 expulsorum
1463 2635 1506 2668 de
1521 2634 1657 2673 Brixia;
1674 2641 1708 2667 et
1724 2635 1806 2678 quia
1821 2635 1897 2679 ipsa
1920 2635 2008 2668 civi-

162 2691 214 2718 tas
236 2691 287 2718 est
310 2686 411 2718 valde
434 2685 546 2724 fortis,
569 2685 691 2718 ambae
714 2691 828 2728 partes
850 2687 1032 2730 guericant
1054 2687 1101 2719 ad
1124 2687 1275 2719 invicem
1298 2688 1391 2720 intus
1414 2693 1448 2720 et
1471 2693 1578 2725 extra.

250 2739 382 2772 Eodem
405 2748 497 2771 anno
519 2738 817 2778 MCCCCXXVI,
842 2739 899 2772 die
922 2749 990 2780 ΧΗ]
1013 2740 1139 2772 mensis
1161 2740 1255 2783 maji.
1280 2759 1322 2763 —
1345 2740 1513 2773 Dominus
1537 2746 1662 2781 noster,
1680 2741 1839 2774 dominus
1862 2742 2004 2786 legatus,

162 2791 354 2834 publicavit
376 2791 493 2824 literas
515 2791 552 2823 in
575 2792 733 2824 Bononia
756 2791 819 2834 pr'o
835 2797 933 2834 parte
950 2793 1082 2825 domini
1106 2793 1214 2825 nostri
1238 2803 1350 2836 papae
1372 2793 1530 2833 Martini,
1556 2795 1729 2837 quomodo
1753 2794 1912 2830 dominus
1934 2795 2006 2837 >dux

253 2910 286 2938 29
305 2903 326 2928 I
331 2904 441 2938 pantini
457 2907 664 2938 rappresentano
681 2912 733 2931 una
751 2905 847 2930 lacuna
865 2904 1037 2940 dell’autogr.
1057 2919 1089 2924 —
1108 2911 1143 2938 39
1161 2904 1261 2938 aestas]
1281 2908 1396 2931 corretto
1415 2905 1445 2930 di
1460 2914 1491 2930 su
1509 2906 1624 2936 aestatis

2081 306 2102 322 c.
2116 300 2156 325 18⁹
2170 306 2183 320 a

2082 834 2157 858 Mun..
2173 832 2211 854 231

2082 1957 2101 1972 c.
2117 1956 2158 1975 19⁰
2173 1957 2187 1970 a

2081 2225 2102 2239 c.
2118 2222 2159 2242 [φο
2174 2218 2186 2238 b
