2242 3418
166 167 249 205 [ΑΛ.
268 168 452 203 1419-14201
741 159 1061 199 MEMORIALE
1089 156 1413 195 HISTORICUM
1919 156 1988 194 105

164 291 284 328 captus
306 296 369 328 per
390 285 631 328 imperatorem
654 284 691 316 in
716 283 934 321 Constantia3
957 288 1076 325 postea
1098 282 1235 325 aufugit
1257 282 1467 314 Florentiam
1490 283 1536 315 ad
1559 282 1735 315 dominum
1758 292 1882 324 papam
1904 281 1999 313 Mar-

162 339 271 373 tinum
286 339 443 382 quintum
466 344 500 371 et
524 338 574 371 ibi
597 338 685 373 obiit
707 343 742 370 et
764 338 915 379 sepultus
937 336 1005 369 fuit
1027 335 1225 368 honorifice.
1271 335 1364 367 Deus
1386 340 1507 377 parcat
1521 335 1657 368 animae
1680 346 1770 367 suae.

251 391 383 424 Eodem
406 401 508 424 anno.
533 410 574 415 —
597 391 765 423 Dominus
787 389 1028 423 Lambertinus
1061 394 1095 421 et
1125 388 1306 421 Mathaeus
1333 389 1467 425 fratres,
1491 388 1553 420 filii
1577 388 1659 420 olim
1683 388 1814 420 domini
1838 387 1932 420 Petri
1956 387 1999 419 de

163 444 325 477 Canitulo
348 444 466 477 militis
488 450 523 477 et
547 444 707 483 doctoris,
730 453 794 486 pro
817 453 853 476 se
874 448 909 475 et
933 442 1072 475 domino
1095 441 1251 484 Johanne
1275 441 1319 473 de
1342 441 1514 480 Canitu10‚
1538 438 1763 473 famosissimo
1794 441 1907 485 legum
1938 440 1999 472 do-

120 495 138 528 5
163 503 269 536 ctore‚
303 498 461 530 fecerunt
494 498 568 530 fieri
603 507 705 530 unam
738 495 981 539 pulcerrimam
1005 494 1171 537 capellam
1202 494 1237 526 in
1269 494 1415 526 ecclesia
1442 494 1586 526 fratrum
1616 493 1792 526 Minorum
1823 493 2000 526 Bononiae

160 555 196 582 et
218 550 292 594 ejus
314 550 485 592 picturam
508 556 543 583 et
566 550 692 582 omnia.

249 603 383 636 Eodem
405 614 496 636 anno
511 602 765 641 M.CCCCXX,
790 602 844 635 die
867 602 947 635 festi
970 602 1206 634 Innocentum.
1232 618 1273 623 —
1297 599 1403 633 Venit
1417 600 1609 632 Bononiam
1633 600 1792 633 dominus
1815 601 1999 634 Filibertus
2021 626 2023 628 ,

161 656 206 688 de
235 657 395 696 Francia,
419 666 562 700 magnus
584 656 750 700 magister
771 654 952 693 Rodensis,
976 664 1055 687 cum
1079 659 1215 686 centum
1242 652 1414 696 equitibus
1436 658 1471 685 et
1492 653 1583 685 ultra
1605 653 1706 685 valde
1729 653 1916 686 honorifice
1946 664 2001 685 so-

161 708 270 741 ciatus
292 714 326 741 et
341 715 490 742 moratus
513 709 581 742 fuit
603 709 641 740 in
665 709 767 741 domo
791 707 923 740 domini
946 706 1042 739 Petri
1066 707 1110 739 de
1134 705 1290 748 Scapphs,
1314 705 1433 738 militis
1457 706 1500 738 de
1523 705 1595 748 ejus
1618 705 1760 745 Ordine,
1784 712 1818 738 et
1841 706 1999 739 veniebat

98 761 137 793 10
161 761 204 794 de
227 761 368 794 civitate
391 762 585 795 Florentiae
607 772 628 794 a
652 761 790 793 domino
814 765 941 799 nostro,
966 759 1104 792 domino
1126 758 1278 791 Martino
1301 769 1393 801 papa
1416 758 1548 801 quint0.

247 814 501 854 M.CCCCXX‚
537 815 595 847 die
628 814 737 847 sabati
773 823 876 854 XXVIJ
908 812 1071 857 januarii,
1108 812 1203 844 circa
1237 811 1408 844 decimam
1441 811 1560 844 horam
1595 812 1716 845 noctis.
1753 831 1795 836 —
1829 813 1996 845 Dominus

158 866 332 900 Antonius
356 868 399 901 de
422 868 643 911 Bentevoglis
677 867 764 900 fecit
798 866 916 899 venire
939 866 975 897 in
1011 866 1113 898 domo
1147 876 1207 897 sua
1237 870 1368 897 secrete
1401 864 1576 897 dominum
1607 865 1787 898 Cambium
1824 866 1867 898 de
1900 867 1999 899 Zam-

160 919 309 953 becariis
342 927 376 953 et
411 922 536 954 fratres
568 931 657 960 suos,
689 920 749 963 qui
780 925 879 952 erant
908 918 1043 952 banniti
1075 918 1231 950 comunis
1260 917 1448 950 Bononiae.
1493 918 1538 950 Et
1568 918 1710 951 intravit
1740 919 1905 960 palatium
1939 920 1999 952 do-

159 973 329 1006 minorum
353 975 570 1006 antianorum
593 984 672 1006 cum
695 973 762 1011 eis;
786 978 820 1004 et
844 972 895 1004 illi
921 972 964 1004 de
987 971 1151 1004 Canitulo
1174 975 1351 1003 senserunt
1374 980 1432 1003 eos
1463 976 1496 1003 et
1526 970 1684 1003 fecerunt
1706 982 1864 1015 magnam
1887 983 1998 1004 arma-

96 1023 133 1057 15
158 1031 228 1058 tam
250 1026 405 1070 gentium
428 1033 548 1059 contra
572 1027 703 1059 dictum
735 1026 911 1059 dominum
940 1023 1148 1061 Antonium3
1172 1029 1207 1056 et
1229 1024 1379 1056 finaliter
1413 1023 1570 1056 dominus
1601 1022 1775 1056 Antonius
1796 1025 1944 1057 obtinuit
1966 1032 2000 1058 et

158 1079 279 1111 habuit
295 1079 475 1112 victoriam
480 1092 490 1118 ;
507 1085 541 1112 et
557 1079 593 1111 in
609 1079 742 1122 proelio
758 1084 911 1111 mortuus
927 1078 994 1110 fuit
1008 1076 1171 1110 Albertus
1187 1077 1230 1109 de
1245 1076 1443 1115 Bataviciis,
1467 1076 1524 1119 qui
1547 1082 1621 1108 erat
1644 1087 1722 1109 cum
1745 1077 1815 1110 illis
1838 1079 1881 1110 de
1897 1078 2001 1111 Cani—

157 1132 230 1164 tulo
253 1137 288 1164 et
310 1132 566 1165 Bartolomaeus
589 1133 632 1165 de
655 1132 798 1176 Toaglis
820 1137 855 1164 et
877 1131 1007 1163 modici
1030 1130 1097 1162 alii.
1144 1130 1189 1162 Et
1212 1135 1331 1172 postea
1346 1129 1413 1161 alia
1431 1130 1486 1162 die
1502 1135 1654 1161 mortuus
1671 1130 1736 1162 fuit
1759 1131 1939 1164 Florianus
1957 1132 1999 1164 de

157 1184 386 1227 Mecovilanis
407 1191 487 1218 ante
511 1186 648 1218 domum
672 1184 828 1217 officialis
850 1184 1041 1216 buletarum
1064 1183 1101 1214 in
1129 1188 1236 1215 strata
1263 1182 1413 1224 publica.
1459 1182 1504 1214 Et
1534 1188 1653 1224 postea
1683 1193 1747 1224 per
1768 1183 1903 1226 aliquos
1927 1185 2000 1217 dies

155 1237 288 1270 Batista
311 1244 345 1270 et
367 1238 581 1277 Baldeserra,
605 1238 668 1270 filii
690 1237 846 1270 Mathaei
871 1237 913 1269 de
936 1236 1108 1274 Canitulo‚
1132 1236 1273 1268 fuerunt
1296 1235 1390 1267 missi
1413 1235 1459 1267 ad
1489 1235 1640 1267 confinia
1662 1235 1839 1274 Veronae3
1872 1243 1906 1269 et
1938 1239 2000 1270 do-

90 1290 133 1320 2.)
156 1290 269 1322 minus
291 1291 433 1324 Marcus
456 1292 500 1324 de
523 1291 686 1324 Canitulo
709 1291 812 1323 etiam
834 1290 902 1322 fuit
924 1289 1116 1321 confinatus
1138 1288 1234 1320 dicta
1257 1288 1301 1320 de
1324 1298 1436 1320 causa.
1483 1288 1530 1320 Et
1561 1299 1640 1320 vere
1664 1289 1760 1321 multi
1791 1289 1886 1322 cives
1918 1291 2000 1323 boni

157 1343 326 1376 dederunt
352 1353 491 1387 operam
521 1350 556 1377 et
585 1355 621 1376 se
651 1344 925 1386 interposuerunt
953 1342 1106 1374 mediare
1138 1341 1269 1373 dictum
1300 1351 1480 1379 rumorem,
1512 1350 1556 1373 ne
1586 1341 1710 1373 civitas
1740 1341 1917 1375 Bononiae
1942 1345 2001 1376 de-

156 1401 359 1436 strueretur;
383 1398 474 1430 inter
505 1407 590 1441 quos
613 1398 752 1430 fuerunt
776 1396 935 1429 dominus
957 1395 1213 1428 Bartolomaeus
1244 1395 1287 1427 de
1318 1394 1465 1438 Macolis
1495 1394 1602 1432 miles,
1634 1394 1808 1437 Johannes
1837 1397 1879 1428 de
1904 1397 2000 1429 Gris-

156 1449 305 1489 fonibus,
327 1450 525 1484 Ludovicus
547 1450 655 1493 Lippi
679 1449 872 1494 Mucarelli,
897 1447 1067 1481 Antonius
1091 1448 1134 1481 de
1158 1447 1331 1480 Guidottis
1355 1452 1390 1480 et
1413 1447 1500 1480 certi
1522 1446 1593 1486 alii,
1616 1452 1651 1480 et
1673 1458 1858 1491 numquam
1881 1456 2000 1492 potue-

155 1508 236 1535 runt
259 1504 379 1536 sedare
402 1504 531 1536 dictum
554 1513 734 1536 rumorem.

89 1553 131 1586 25
242 1556 309 1588 Die
331 1556 452 1589 ultimo
476 1557 563 1589 dicti
586 1556 709 1589 mensis
730 1555 890 1599 januarii.
916 1573 957 1578 ψ-
981 1554 1081 1588 Facti
1110 1549 1250 1587 fuerunt
1273 1564 1337 1595 xvj
1367 1554 1607 1587 reformatores
1630 1559 1736 1587 status
1760 1555 1908 1588 civitatis
1931 1556 1999 1588 Bo-

156 1609 290 1649 noniae,
314 1610 373 1652 qui
395 1610 536 1643 fuerunt
557 1610 623 1648 isti,
647 1609 825 1642 videlicet:

154 1661 309 1694 dominus
331 1662 461 1696 Batista
492 1663 536 1695 de
564 1661 785 1706 Bentevoglis
990 1660 1150 1693 dominus
1167 1661 1283 1693 Guido
1300 1661 1343 1693 de
1359 1660 1494 1703 Pepolis
1510 1661 1606 1693 miles
1619 1685 1628 1693 .
1654 1685 1662 1694 .
1687 1685 1696 1693 .
1721 1685 1730 1694 .

240 1715 335 1748 miles
341 1739 782 1749 ..............
989 1712 1162 1746 Antonius
1186 1714 1229 1746 de
1253 1713 1430 1746 Guidottis
1453 1737 1730 1747 .........

151 1766 322 1800 Antonius
344 1769 388 1801 de
409 1769 614 1812 Bargellinis
643 1792 783 1802 .....
831 1767 926 1802 Petri
991 1766 1150 1800 dominus
1172 1765 1345 1798 Antonius
1370 1767 1413 1798 de
1439 1766 1596 1810 Loglano
1620 1790 1629 1798 .
1654 1790 1662 1799 .
1687 1790 1696 1799 .
1721 1791 1729 1799 .
1779 1750 1999 1784 Ravennatis

81 1832 124 1863 30
152 1821 311 1864 Guaspar
333 1823 377 1856 de
398 1822 574 1856 Malviciis
606 1846 780 1856 ......
989 1820 1155 1853 Nicolaus
1179 1821 1222 1853 de
1245 1820 1478 1853 Zambecariis
1486 1844 1729 1853 ........

151 1873 273 1908 Petrus
288 1875 490 1921 Calegarius
505 1899 783 1909 .........
990 1872 1150 1906 dominus
1167 1872 1366 1905 Gozadinus
1391 1873 1434 1905 de
1458 1873 1643 1905 Gozadinis
1666 1873 1730 1905 mi-

1079 1926 1128 1958 les
1150 1931 1184 1958 et
1209 1926 1332 1958 doctor
1348 1949 1728 1958 ............

151 1982 326 2026 johannes
349 1983 392 2016 de
417 1983 633 2016 Griffonibus
638 2005 782 2015 .....
990 1979 1150 2012 dominus
1174 1979 1339 2012 Nicolaus
1356 1980 1400 2012 de
1416 1978 1650 2012 Aldovrandis
1667 1979 1728 2010 mi-
1910 2017 1917 2024 ·

151 2034 325 2078 johannes
349 2035 400 2067 dev
415 2035 582 2068 Marsuas
606 2035 782 2067 notarius.
912 2069 932 2077 „
1078 2033 1126 2064 les
1149 2038 1183 2064 et
1206 2032 1330 2064 doctor
1351 2055 1728 2064 ............
1778 2015 1920 2049 P100¹²11

2 2085 19 2132 ᾖ
80 2085 122 2118 35
150 2087 354 2121 Leonardtis
370 2089 413 2121 de
433 2088 582 2121 Castello
605 2111 782 2121 ......
831 2069 936 2103 stem
991 2085 1728 2129 dominusBartolomaeusdeMacolismiles.

150 2141 282 2174 Masius
305 2142 349 2174 de
370 2141 591 2174 Montecalvo
608 2164 782 2174 ......
989 2139 1121 2171 Batista
1145 2139 1188 2171 de
1211 2138 1325 2170 Poetis
1348 2144 1517 2171 mercator
1518 2162 1728 2171 .......

241 2195 373 2226 Eodem
389 2194 456 2227 die.
473 2212 515 2216 ——
530 2194 660 2226 Batista
675 2186 709 2226 et
725 2193 920 2231 Baldesera,
937 2193 1062 2225 fratres
1085 2192 1146 2224 filii
1169 2191 1322 2224 Mathaei
1346 2192 1390 2224 de
1413 2191 1583 2231 Canitulo,
1600 2192 1739 2225 fuerunt
1762 2193 1928 2226 confinati
1952 2194 1998 2226 ad

153 2248 326 2280 civitatem
349 2246 519 2279 Veronae.

239 2301 372 2333 Eodem
395 2309 487 2333 anno
507 2300 600 2333 1420.
617 2318 659 2323 —
675 2299 774 2333 Facti
790 2300 930 2332 fuerunt
954 2299 1073 2332 decem
1097 2298 1259 2331 officiales
1281 2298 1422 2337 Bassiae,
1445 2299 1621 2331 videlicet:
1647 2299 1805 2331 dominus
1822 2299 1935 2332 Guido
1952 2300 1995 2332 de

86 2354 128 2385 40
151 2353 299 2396 Pepolis,
323 2353 489 2386 Dominus
512 2353 708 2386 Gozadinus
730 2353 774 2385 de
798 2351 997 2396 GocadiniS,
1015 2352 1173 2384 dominus
1188 2351 1321 2384 Batista
1338 2352 1381 2383 de
1397 2351 1628 2395 Bentevoglis,
1644 2352 1808 2384 Nicolaus
1832 2353 1875 2384 de
1898 2353 1998 2385 Zam-

151 2407 307 2446 becariis‚
331 2406 504 2450 Johannes
528 2407 572 2439 de
594 2406 777 2444 Malviciis‚
801 2406 932 2440 Batista
955 2406 999 2437 de
1021 2405 1144 2445 Foede,
1169 2405 1334 2437 Nicolaus
1358 2405 1401 2436 de
1425 2405 1543 2437 Follea
1567 2405 1731 2443 notarius,
1764 2405 1922 2448 Guaspar
1954 2407 1996 2438 de

151 2459 371 2492 Montecalvo
395 2459 576 2498 lanarolus,
601 2459 800 2492 Scardonus
825 2459 869 2491 de
893 2458 1090 2496 Scardonis,
1114 2457 1286 2490 Antonius
1311 2458 1354 2489 de
1378 2458 1547 2490 Guidotis.

237 2512 302 2545 Die
325 2523 349 2545 v
375 2513 467 2556 maji.
491 2530 532 2535 —
555 2513 723 2545 Dominus
751 2511 921 2545 Cabrinus
944 2510 1149 2544 Fondullus'
1173 2511 1216 2543 de
1241 2510 1404 2549 Soncino,
1429 2511 1508 2543 olim
1533 2511 1692 2543 dominus
1715 2511 1914 2550 Cremonae,
1938 2522 1995 2544 ve-

151 2566 204 2598 nit
226 2566 418 2598 Bononiam
441 2576 505 2607 pro
529 2566 711 2608 capitaneo
734 2565 888 2609 gentium
911 2575 1082 2597 armorum
1107 2564 1263 2597 comunis
1286 2564 1473 2597 Bononiae.

27 2650 35 2665 s
85 2617 126 2650 45
237 2619 304 2651 Die
327 2629 377 2651 xv
411 2619 496 2651 dicti
531 2619 655 2650 mensis
688 2618 779 2662 maji.
805 2637 845 2641 —
869 2618 1036 2650 Dominus
1065 2617 1262 2650 Ludovicus
1294 2617 1336 2649 de
1366 2616 1541 2655 Alidosiis,
1566 2617 1723 2650 dominus
1747 2618 1883 2657 Imolae,
1907 2618 1996 2650 misit

150 2673 196 2704 ad
220 2672 444 2705 diffidandum
468 2681 612 2704 comune
622 2671 820 2708 Bononiae.

236 2725 301 2757 Die
325 2734 402 2766 xer
425 2725 518 2768 maji.
543 2742 584 2748 —
608 2725 738 2768 Bracus
761 2725 805 2757 de
828 2723 1040 2757 Fortibracis
1063 2724 1106 2756 de
1130 2723 1282 2762 perusio,
1308 2723 1467 2756 dominus
1490 2722 1640 2756 civitatis
1669 2723 1813 2762 Perusii,
1837 2723 1926 2756 misit
1949 2724 1996 2756 ad

151 2778 364 2811 difidandum
387 2787 533 2811 comune
547 2778 725 2810 Bononiae
747 2778 793 2810 ad
817 2777 1017 2820 petitionem
1041 2777 1171 2809 domini
1195 2787 1306 2819 papae
1321 2776 1464 2808 Martini
1480 2777 1608 2819 quinti;
1626 2782 1660 2809 et
1677 2777 1773 2809 dicta
1797 2777 1852 2809 die
1875 2782 1995 2820 gentes

240 2904 285 2935 3-6
305 2905 415 2930 Noh'zia
434 2913 502 2937 agg.
517 2903 565 2936 μὴ
584 2904 659 2929 tardi

2073 615 2092 631 c.
2109 610 2150 630 18⁰
2165 610 2177 629 b

2071 2521 2148 2546 Mun.⁸
2163 2521 2202 2543 227
