2242 3418
76 1349 135 1369 Mun

139 1364 153 1374 .,
170 1349 208 1370 21⁶

276 202 322 240 96
811 199 1097 237 MATTHAEI
1124 200 1194 234 DE
1223 199 1343 235 GRIF
1344 199 1375 234 F
1377 198 1450 235 ΟΝ
1453 197 1566 233 IBUS
1811 204 1894 238 [ΑΛ.
1912 207 1992 234 1406
2003 207 2109 242 -14081

267 345 354 378 quae
371 335 506 366 fuerant
530 332 660 366 domini
678 331 807 376 Aeonis
831 333 874 365 de
897 321 1086 370 Ubertinis,
1103 331 1140 362 in
1163 330 1265 363 Valle
1287 329 1439 362 Ambrae
1462 329 1645 362 comitatus
1668 328 1800 369 Aretii3
1825 336 1859 363 et
1876 331 1933 364 die
1957 332 2114 376 sequenti

265 398 348 431 gens
372 386 645 419 Florentinorum
669 386 813 417 intravit
835 385 933 417 Pisas
956 390 990 416 et
1013 389 1222 426 acceperunt
1246 387 1399 415 tenutam
1424 382 1542 424 ipsius.
1753 392 1756 396 ’

352 440 481 472 Eodem
505 440 562 471 die
586 449 652 480 vuJ
675 438 880 471 novembris.
898 457 938 462 —-
955 437 1038 469 Fuit
1061 436 1239 469 combusta
1263 436 1299 468 in
1325 435 1456 477 Campo
1479 436 1562 468 Fori
1578 436 1827 476 Bartolomaea,
1843 438 1973 471 famula
1988 439 2112 478 Oretti‚

264 498 404 535 propter
427 493 607 535 quemdam
631 497 814 524 tractatum
838 497 959 523 contra
983 490 1159 522 dominum
1190 490 1352 533 legatum,
1385 488 1467 531 quia
1497 488 1659 531 portabat
1688 489 1806 522 literas
1836 496 1870 523 et
1899 491 2113 524 ambaxiatas

265 545 415 576 inimicis
439 544 569 576 domini
594 544 709 588 legati.
2159 544 2177 577 5

350 598 480 630 Eodem
504 607 605 636 anno,
631 597 688 630 die
711 607 735 629 x
759 597 965 629 novembris.
992 615 1031 619 —
1048 595 1218 628 Dominus
1241 595 1373 638 legatus
1397 599 1542 636 propter
1557 600 1701 627 mortem
1725 595 1857 628 domini
1881 607 1993 639 papae
2009 598 2111 630 Inno-

263 650 367 682 centii
392 649 540 692 septimi,
563 650 623 693 qui
647 650 839 682 decesserat
863 650 920 682 die
943 660 981 690 vJ
1004 649 1091 682 dicti
1115 648 1250 687 mensis,
1275 647 1341 680 ivit
1371 647 1520 680 Romam
1544 652 1579 679 et
1603 647 1702 680 duxit
1725 658 1841 680 secum
1872 649 2114 693 infrascriptos

264 703 356 736 cives
379 709 412 735 et
436 703 566 736 dimisit
589 703 646 736 hic
670 702 762 735 loco'
778 703 830 735 sui
847 703 1024 735 dominum
1050 702 1282 744 Guasparrum
1307 701 1459 739 Cossam,
1476 711 1573 733 suum
1591 701 1745 740 fratrem,
1762 707 1796 734 et
1812 702 1989 735 dominum
2005 704 2114 736 Nico-

262 757 352 788 laum
377 757 420 789 de
442 756 606 789 Robertis
621 756 775 788 militem.
821 756 934 794 Cives,
952 765 1037 798 quos
1062 755 1135 797 ipse
1152 754 1250 787 duxit
1267 764 1393 792 secum,
1417 754 1557 786 fuerunt
1574 754 1644 792 isti,
1660 754 1842 787 videlicet:
1868 756 2025 788 dominus
2048 757 2113 789 Ri-

261 809 386 852 cardus
409 810 452 842 de
475 810 623 852 Pepolis,
649 810 809 842 dominus
831 808 1075 841 Lambertinus
1099 808 1142 840 de
1166 807 1339 846 canitulo,
1374 807 1578 840 Leonardus
1603 807 1647 839 de
1671 807 1833 846 Castello‚
1863 808 2038 851 Johannes
2069 810 2113 842 de
2140 810 2179 843 10

263 862 488 901 Griffonibus,
506 863 681 905 Johannes
698 863 741 894 de
756 861 958 900 Ludovicis,
976 861 1143 893 Nicolaus
1158 861 1370 904 Balduynus,
1387 859 1539 903 Jacobus
1556 860 1599 892 de
1615 860 1791 899 Blanchis‚
1808 861 1936 893 Tomas
1959 862 2003 894 de
2027 862 2113 895 Gui-

261 915 382 954 doctis,
405 915 556 958 Jacobus
581 916 623 947 de
648 915 854 954 Ghisileriis,
878 915 1006 947 Tomas
1030 914 1074 947 de
1092 913 1302 952 Ghisileriis,
1319 913 1486 946 Nicolaus
1504 913 1548 945 de
1571 913 1761 957 Malpiglis,
1785 913 1876 946 filius
1890 914 2045 947 Mathaei
2069 915 2112 948 de

261 967 454 1011 Magnanis,
471 969 598 1000 Tomas
622 969 665 1001 de
687 968 904 1007 Blanchittis,
928 968 1104 1011 Johannes
1121 967 1164 1000 de
1179 966 1398 1005 Blanchittis,
1422 964 1613 999 Aristotilis
1630 966 1763 1000 domini
1785 967 1956 1010 Johannis
1977 967 2113 1002 Aristo-

260 1021 339 1060 tilis,
363 1021 568 1054 Corvolinus
592 1022 636 1054 de
659 1021 792 1060 Corvis,
816 1021 1023 1054 Franciscus
1047 1021 1090 1053 de
1113 1020 1325 1053 Bacelleriis.

346 1075 411 1106 Die
435 1084 523 1116 xxer
546 1075 633 1107 dicti
658 1074 792 1107 mensis.
810 1094 852 1098 —
868 1074 1015 1107 Reversi
1039 1075 1180 1107 fuerunt
1202 1084 1320 1106 omnes
1344 1073 1431 1107 dicti
1456 1073 1550 1106 cives
1573 1079 1607 1106 et
1624 1073 1783 1107 dominus
1806 1074 1994 1108 cardinalis
2017 1075 2112 1109 venit
2138 1074 2176 1109 15

259 1127 354 1169 prius
376 1126 576 1160 Bononiam.

347 1180 600 1214 M.CCCCVII.
618 1200 659 1204 ——
674 1181 844 1214 Dominus
866 1181 999 1225 legatus
1014 1181 1108 1213 misit
1125 1181 1168 1214 de
1184 1191 1299 1213 mense
1321 1181 1479 1224 Januarii
1504 1180 1748 1223 infrascriptos
1770 1181 2022 1215 ambaxiatores
2038 1182 2112 1215 Ro-

259 1245 363 1266 mam:
380 1235 556 1267 dominum
571 1235 763 1278 Ricardum
779 1235 822 1267 de
838 1235 977 1277 Pepolis
1000 1234 1155 1273 militem,
1180 1235 1356 1266 dominum
1377 1234 1516 1267 Petrum
1534 1234 1577 1266 de
1594 1233 1803 1267 Ancharano
1821 1235 2007 1275 doctorem,
2023 1234 2111 1268 Poe-

258 1292 326 1319 tam
350 1287 394 1319 de
416 1287 532 1320 Poetis
554 1293 779 1320 mercatorem
804 1294 839 1320 et
862 1287 1048 1320 Nicolaum
1071 1287 1278 1320 Ghidinocii
1301 1287 1534 1320 strazarolum.

348 1340 478 1373 Eodem
501 1351 602 1379 anno,
628 1341 686 1374 die
710 1340 900 1374 dominica'
916 1351 954 1381 VJ
971 1340 1150 1373 februarii.
1176 1359 1217 1364 —
1241 1339 1324 1373 Fuit
1348 1351 1416 1373 una
1439 1340 1562 1383 pulcra
1584 1346 1697 1373 zostra
1720 1341 1757 1372 in
1780 1341 1895 1383 platea
1918 1348 1954 1374 et
1983 1347 2111 1375 zostra-
2133 1342 2177 1374 20

257 1399 382 1426 verunt
405 1394 620 1437 infrascripti
645 1394 749 1432 cives,
774 1393 957 1427 videlicet:
981 1394 1149 1427 Nicolaus
1166 1395 1209 1427 de
1232 1393 1383 1436 Pepolis,
1406 1394 1536 1426 Tomas
1560 1394 1604 1427 de
1626 1394 1845 1433 Blanchittis,
1869 1395 2044 1438 Johannes
2067 1395 2111 1428 de

256 1447 475 1485 Blanchittis,
498 1446 690 1480 Aristotilis
714 1447 846 1480 domini
869 1447 1039 1491 Johannis
1053 1446 1254 1486 Aristotilis,
1271 1447 1367 1479 Tura
1384 1447 1427 1480 de
1442 1446 1614 1479 Bencittis
1637 1447 1681 1479 de
1703 1447 1820 1486 Plebe,
1844 1448 1966 1480 Petrus
1984 1448 2028 1481 de
2043 1448 2111 1482 Ca-

257 1500 383 1538 nitu103
399 1505 433 1532 et
449 1510 564 1533 omnes
579 1500 641 1533 alii
657 1501 798 1533 fuerunt
820 1500 1040 1543 stipendiarii
1063 1501 1231 1538 forenses3
1255 1506 1290 1533 et
1314 1500 1466 1543 quidam,
1491 1500 1551 1544 qui
1574 1500 1765 1533 vocabatur
1787 1501 1906 1533 Eleius
1929 1501 1973 1534 de
1988 1501 2109 1541 Trani,

256 1552 377 1585 habuit
399 1554 563 1586 honorem
594 1559 629 1586 et
658 1553 781 1587 habuit
804 1565 909 1586 unum
932 1554 1134 1586 helmettum
1164 1553 1292 1586 valoris
1315 1557 1371 1586 111⁶
1395 1554 1610 1592 ducatorum,
1642 1564 1743 1597 quem
1774 1554 1872 1587 dedit
1900 1554 1967 1587 sibi
1999 1554 2110 1587 domi-

257 1616 321 1638 nus
342 1606 484 1650 legatus.
2131 1605 2173 1640 25

345 1659 475 1692 Eodem
498 1670 600 1700 anno,
625 1660 683 1693 die
706 1670 774 1702 an
795 1661 886 1705 julii.
912 1679 949 1684 —-
977 1660 1146 1693 Dominus
1169 1661 1302 1705 legatus
1324 1660 1390 1693 ivit
1413 1659 1606 1693 Forlivium
1630 1661 1676 1693 ad
1699 1660 1921 1703 acipiendum
1945 1666 2109 1700 tenutam,

258 1712 339 1755 quia
361 1713 536 1756 Johannes
559 1714 603 1746 de
636 1714 812 1747 Lardiano
836 1715 879 1747 de
902 1713 1070 1753 Forlivio,
1095 1714 1155 1757 qui
1178 1719 1252 1747 erat
1283 1714 1444 1757 expulsus
1468 1714 1511 1747 de
1535 1713 1692 1747 Forlivio
1715 1719 1750 1746 et
1773 1714 1885 1747 stabat
1919 1714 2108 1753 Bononiae,

256 1765 378 1799 habuit
401 1771 585 1799 tractatum
608 1767 646 1799 in
669 1772 783 1800 castro
807 1766 955 1800 Forlivii
978 1773 1014 1800 et
1035 1767 1173 1810 accepit
1197 1778 1260 1810 pro
1286 1768 1426 1800 domino
1451 1768 1577 1811 legato.

343 1819 410 1852 Die
432 1829 486 1861 VIJ
508 1820 634 1853 mensis
657 1820 811 1853 octobris
835 1821 923 1853 dicti
947 1820 1040 1853 anni.
1067 1839 1108 1843 —
1132 1820 1232 1854 Obiit
1259 1820 1449 1854 Chodecha
1471 1819 1619 1852 Antonii
1642 1820 1842 1854 Chodecha.

345 1871 616 1906 M.CCCCVIII.
630 1892 671 1897 —
687 1873 857 1906 Dominus
871 1874 1004 1918 legatus
1019 1874 1220 1916 praedictus
1237 1875 1281 1907 de
1296 1884 1411 1906 mense
1426 1874 1506 1918 maij
1526 1874 1613 1907 fecit
1629 1874 1872 1916 infrascriptos
1887 1874 1931 1907 de
1947 1884 2008 1907 suo
2025 1884 2108 1907 con·
2130 1875 2174 1907 30

256 1925 344 1964 silio,
360 1936 505 1969 quorum
521 1926 660 1959 nomina
676 1932 754 1960 sunt
769 1927 866 1966 haec,
881 1926 1063 1960 videlicet:
1082 1927 1242 1960 dominus
1258 1927 1374 1960 Guido
1392 1927 1435 1960 de
1446 1926 1586 1969 Pepolis
1602 1927 1710 1965 miles,
1728 1927 1887 1959 dominus
1898 1926 2052 1970 Jacobus
2064 1928 2107 1960 de

257 1978 407 2012 saliceto
430 1980 562 2019 doctor,
587 1980 746 2020 dominus
760 1979 925 2013 Albertus
949 1981 992 2013 de
1009 1980 1195 2014 Guidoctis
1214 1981 1322 2018 miles,
1348 1980 1507 2013 dominus
1528 1980 1701 2024 Ugolinus
1717 1980 1761 2012 de
1777 1980 1975 2013 Ghisileriis
1997 1981 2106 2020 miles,

257 2032 414 2065 dominus
428 2033 600 2077 Ugolinus
616 2034 660 2066 de
675 2033 880 2066 Presbiteris
897 2034 1021 2066 doctor
1035 2039 1070 2066 et
1085 2034 1194 2073 miles,
1213 2034 1372 2066 dominus
1387 2034 1555 2066 Nicolaus
1571 2034 1615 2065 de
1627 2033 1773 2065 Vivario
1790 2033 1847 2074 [de
1858 2032 2107 2076 Aldrovandis]

257 2085 378 2117 doctor
399 2091 434 2118 et
456 2086 564 2125 miles,
589 2087 748 2119 dominus
763 2087 1024 2120 Bartolomaeus
1040 2087 1084 2120 de
1099 2087 1304 2131 Bologninis
1319 2087 1427 2125 miles,
1445 2086 1604 2119 dominus
1618 2086 1863 2119 Lambertinus
1880 2087 1925 2119 de
1942 2086 2107 2120 Canitulo

255 2138 378 2171 doctor
392 2144 426 2171 et
441 2139 548 2179 miles,
565 2140 748 2172 Mathaeus
771 2140 815 2173 de
839 2140 1068 2179 Griffonibus,
1085 2141 1268 2174 Mathaeus
1292 2141 1336 2172 de
1351 2139 1603 2183 Papaconibua
1621 2140 1742 2172 Petrus
1758 2140 1801 2172 de
1825 2140 1996 2178 Platixiis,
2013 2140 2106 2173 Lan-
2129 2140 2172 2173 35

255 2191 318 2223 dus
340 2191 551 2232 Ambrosini,
576 2193 696 2226 Sassus
719 2193 762 2226 de
787 2193 981 2236 Sassolinis,
1005 2194 1133 2226 Paulus
1156 2194 1199 2226 de
1222 2193 1341 2226 Lectis
1360 2193 1577 2236 stracarolus‚
1602 2193 1769 2225 Nicolaus
1794 2193 1837 2225 de
1860 2193 2104 2226 Zambecariis.

342 2245 473 2278 Eodem
496 2256 598 2285 anno,
622 2246 666 2279 de
689 2256 804 2279 mense
825 2246 925 2290 junii.
952 2265 994 2270 —
1016 2247 1185 2280 Dominus
1208 2247 1341 2291 legatus
1365 2257 1521 2278 reversus
1543 2252 1595 2279 est
1617 2247 1820 2285 Bononiam,
1845 2246 1905 2290 qui
1928 2251 2004 2279 erat
2019 2245 2106 2279 For-

255 2297 343 2336 livii,
366 2303 401 2331 et
429 2299 527 2332 duxit
549 2309 665 2332 secum
689 2300 867 2333 dominum
891 2300 1104 2333 cardinalem
1128 2300 1329 2333 Ravennae.

341 2351 426 2383 Item
450 2352 493 2385 de
509 2352 606 2385 dicto
621 2363 746 2385 mense.
763 2372 805 2376 —
821 2353 990 2385 Dominus
1013 2354 1146 2397 legatus
1162 2353 1256 2386 misit
1272 2353 1432 2385 comitem
1448 2353 1672 2386 Manfredum
1690 2353 1734 2386 de
1749 2353 1923 2386 Barbiano
1946 2364 2025 2386 cum
2048 2356 2106 2386 111⁶

254 2404 384 2437 lanceis
406 2403 618 2437 Florentiam
641 2405 678 2437 in
701 2405 868 2438 auxilium
892 2405 1183 2439 Florentinorum.
2128 2407 2172 2439 40

343 2457 475 2490 Eodem
497 2468 598 2491 anno.
622 2477 664 2482 —-
687 2459 856 2491 Dominus
879 2459 1022 2503 legatus,
1048 2459 1091 2492 de
1107 2470 1222 2493 mense
1237 2460 1385 2504 augusti,
1410 2459 1475 2492 ivit
1491 2459 1704 2492 Florentiam
1721 2471 1824 2492 causa
1840 2460 1986 2493 tollendi
2003 2460 2105 2493 sisma

253 2515 287 2542 et
311 2510 460 2544 fatiendi
482 2511 644 2544 unionem
667 2512 846 2544 Ecclesiae
861 2518 896 2544 et
912 2512 1012 2545 duxit
1034 2522 1150 2545 secum
1174 2513 1417 2555 infrascriptos
1440 2513 1544 2551 cives,
1569 2510 1751 2546 videlicet:
1777 2513 1954 2546 dominum
1977 2513 2104 2557 Ricar-

255 2564 335 2595 dum
360 2564 403 2596 de
426 2563 574 2607 Pepolis,
599 2565 776 2597 dominum
799 2565 951 2608 Lippum
970 2566 1022 2598 .de
1053 2566 1262 2605 Ghisileriis,
1287 2566 1463 2598 dominum
1487 2566 1763 2599 Bartolomaeum
1789 2567 1833 2599 de
1855 2566 2015 2610 Mac-olis,
2040 2567 2104 2599 do-

253 2616 382 2648 minum
404 2616 664 2650 Lambertinum
687 2617 730 2650 de
753 2618 928 2657 Canitulo‚
952 2618 1090 2657 milites,
1114 2618 1340 2652 Franciscum
1365 2620 1408 2651 de
1433 2619 1627 2657 Guidocfis,
1651 2618 1790 2651 Andalo
1814 2619 1858 2651 de
1874 2618 2102 2657 Griffonibus,

252 2669 444 2711 Johannem
467 2670 510 2702 de
533 2671 733 2710 Ludovicis,
757 2671 942 2704 Nicolaum
967 2672 1010 2704 de
1033 2672 1225 2716 Malpiglis,
1249 2671 1474 2712 Aristotilem,
1498 2673 1718 2706 Leonardum
1743 2673 1787 2705 de
1810 2672 1961 2705 Castello
1977 2677 2012 2704 et
2035 2671 2102 2704 Fe·
2126 2671 2174 2706 45.

253 2721 365 2753 rinum
389 2722 432 2754 de
455 2722 700 2765 Spontonibus.

340 2772 470 2805 Eodem
493 2784 594 2807 anno.
610 2792 653 2797 —
668 2775 837 2808 Dominus
859 2775 993 2819 legatus
1016 2786 1094 2808 cum
1111 2781 1183 2809 tota
1199 2787 1259 2809 sua
1275 2777 1442 2810 comitiva
1465 2788 1623 2810 reversus
1644 2783 1696 2810 est
1710 2777 1903 2810 Bononiam
1927 2777 1970 2809 de
1986 2787 2102 2808 mense

251 2825 462 2867 septembris,
488 2827 544 2859 die
567 2828 729 2861 secundo.

339 2956 372 2993 29
390 2951 499 2977 Notizta
518 2961 586 2985 agg.
601 2951 651 2985 pir}
669 2953 746 2978 tardi
762 2968 795 2973 —
813 2960 847 2987 33
866 2954 900 2980 de
919 2954 1119 2989 Aldrovandis]
1139 2964 1205 2988 agg.
1220 2954 1271 2992 piz'o
1290 2956 1368 2982 tardi
1384 2956 1420 2983 da
1441 2957 1518 2981 altra
1536 2964 1613 2985 mano
