2242 3418
136 186 217 224 [ΑΛ.
237 187 415 223 13774378]
714 179 1036 217 MEMORIALE
1064 177 1388 216 HISTORICUM
1928 175 1947 216 7
1955 178 1974 213 5

136 324 223 345 suas.
270 312 340 345 Sed
362 312 471 355 aliqui
495 311 578 344 boni
608 311 764 344 homines
794 316 1006 349 vetaverunt,
1039 311 1133 353 quod
1167 321 1237 343 non
1271 311 1413 342 fuerunt
1446 310 1654 343 combustae.
1700 310 1746 343 Et
1775 310 1914 343 iverunt
1937 310 1984 342 ad

135 365 323 408 hospitium
356 364 487 403 Lunae,
522 364 582 397 ubi
605 363 980 396 erantambaxiatores
1002 362 1282 396 Florentinorum
1316 369 1351 395 et
1384 362 1595 395 robaverunt
1630 363 1761 395 dictum
1793 362 1982 405 hospitium

135 423 170 450 et
194 417 388 450 clamabant
411 418 550 450 fortiter
572 417 619 449 ad
642 417 761 449 domos
785 416 828 449 de
850 416 1025 448 Blanchis.
1072 415 1118 448 Et
1140 416 1178 447 in
1201 416 1263 448 illo
1286 416 1405 447 furore
1429 416 1560 448 detenti
1585 417 1725 448 fuerunt
1748 416 1857 459 aliqui
1874 416 1978 454 cives,

136 480 222 514 quos
245 470 409 503 dicebant
431 480 503 503 esse
526 470 732 512 Raspantes‚
755 469 936 501 videlicet:
962 469 1121 501 dominus
1143 468 1319 501 Robertus
1343 469 1386 500 de
1410 468 1572 507 saliceto,
1595 469 1718 501 Bertus
1741 469 1785 501 de
1806 469 1982 508 Blanchis‚

92 521 111 555 5
135 523 339 567 Raynaldus
361 523 435 556 eius
457 524 576 562 frater,
599 522 708 554 Pinus
731 522 775 554 de
798 520 1007 565 GocadinisJ
1024 521 1201 553 Salvutius
1217 521 1260 553 de
1275 521 1497 564 Bentevoglis
1513 526 1547 553 et
1562 521 1765 554 Leonardus
1789 522 1832 554 de
1855 522 1980 554 Bente-

135 576 255 620 voglis.
301 575 347 608 Et
370 576 428 608 die
451 575 624 619 sequenti:
648 574 823 606 Petrutius
847 574 891 606 de
920 573 1097 612 Blanchis‚
1121 573 1344 605 Zanuchinus
1368 573 1412 605 de
1434 573 1622 613 Malviciis‚
1646 574 1818 607 Tuniolus
1843 575 1887 607 de
1909 575 1982 607 To-

135 628 238 661 rellis.
285 629 370 660 Item
393 628 525 661 detenti
548 629 689 660 fuerunt
711 626 931 669 quamplures
952 626 1026 665 alii,
1050 626 1133 668 quia
1157 625 1349 665 dicebatur,
1379 626 1474 668 quod
1503 632 1602 659 erant
1632 627 1736 659 amici
1760 627 1981 670 Pepulorum‚

135 680 316 714 videlicet:
341 681 508 713 Nicolaus
531 681 575 713 de
589 679 718 712 Altedo
741 679 814 711 sive
837 679 881 711 de
903 678 1146 717 Cazanimicis,
1170 678 1378 711 Franciscus
1402 679 1445 711 de
1468 679 1646 718 Belvixiis,
1669 678 1830 712 Andreas
1854 681 1898 713 de
1919 680 1984 713 Al-

134 732 266 772 birolis,
282 733 460 766 Marsilius
476 734 519 766 de
533 732 712 776 Liacariis,
729 731 968 775 Macagnanus
985 731 1028 763 de
1043 729 1238 775 Acoguidis
1253 736 1288 763 et
1304 731 1403 763 multi
1420 731 1493 770 alii,
1511 732 1554 764 de
1570 732 1696 775 quibus
1711 742 1781 765 non
1798 734 1981 771 recordor;

8 774 15 805 ἶ
73 786 112 817 10
135 790 170 817 et
192 786 291 818 multi
307 786 495 830 fugierunt.

223 838 355 871 Eodem
377 848 469 870 anno
492 843 527 870 et
548 847 673 870 mense.
698 855 740 860 -
764 835 902 869 Cridati
924 842 959 868 et
981 836 1118 869 banniti
1141 837 1283 869 fuerunt
1298 837 1336 869 in
1353 837 1467 869 banno
1484 838 1640 871 comunis
1655 839 1834 872 Bononiae
1850 850 1977 880 omnes,

135 890 195 934 qui
218 896 317 923 erant
339 891 376 922 in
400 896 513 923 castro
535 889 703 929 Planorii,
727 889 822 932 quod
844 889 1097 922 rebellaverunt
1120 889 1362 922 Guilielminus
1386 890 1429 922 de
1444 890 1602 934 Loglano
1618 897 1653 923 et
1668 892 1729 923 alii
1747 893 1790 925 de
1814 894 1917 926 domo
1942 895 1985 926 de

134 935 291 987 Loglano
307 949 342 976 et
356 943 622 976 introduxerunt
636 941 787 984 Pepolos
810 941 847 973 in
871 942 1004 974 dictum
1020 947 1169 974 castrum
1186 948 1307 974 contra
1330 953 1476 975 comune
1498 943 1693 982 Bononiae;
1718 945 1755 977 in
1779 957 1847 988 quo
1871 953 1984 979 castro

134 1001 233 1028 erant
255 996 309 1028 illi
333 997 376 1028 de
391 996 547 1040 Loglano
570 1001 606 1027 et
628 994 682 1026 illi
706 995 750 1026 de
772 994 924 1036 Pepolis,
949 994 1110 1027 dominus
1131 995 1293 1027 Tadaeus
1317 996 1360 1027 de
1383 994 1587 1039 Azoguidis,
1604 997 1984 1032 dominusUbaldinus

7 1049 14 1068 1'
72 1047 110 1080 15
135 1049 179 1081 de
207 1048 417 1088 Malavoltis,
441 1048 614 1092 Ugolinus
644 1047 687 1080 de
716 1047 910 1091 Balduynis
939 1053 975 1079 et
1004 1047 1104 1080 multi
1128 1048 1200 1087 alii,
1225 1048 1285 1090 qui
1309 1058 1379 1080 non
1402 1054 1563 1090 poterant
1586 1055 1677 1082 stare
1699 1051 1888 1085 Bononiae.

222 1102 354 1134 Eodem
376 1111 479 1140 anno,
503 1101 548 1133 de
570 1110 685 1132 mense
707 1100 846 1142 aprelis.
870 1119 912 1123 —
944 1100 1100 1133 Comune
1129 1101 1309 1133 Bononiae
1339 1101 1433 1133 misit
1465 1102 1551 1134 duos
1581 1103 1834 1137 ambaxiatores
1858 1105 1987 1138 Plano-

134 1154 224 1186 rium
247 1155 294 1186 ad
317 1154 536 1187 tractandum
559 1153 785 1185 concordiam
809 1163 888 1184 cum
911 1153 982 1185 illis
1005 1153 1050 1185 de
1071 1153 1212 1196 Pepolis
1235 1159 1270 1186 et
1300 1164 1379 1185 cum
1410 1154 1490 1186 aliis
1519 1155 1656 1188 civibus
1679 1156 1810 1189 ibidem
1833 1158 1984 1191 existen-

135 1207 228 1240 tibus
233 1219 243 1245 3
260 1213 295 1239 et
311 1207 399 1239 dicti
414 1206 678 1239 ambassiatores
701 1206 842 1238 fuerunt
858 1206 917 1238 isti
935 1206 1014 1245 duo,
1031 1206 1211 1241 videlicet:
1228 1216 1283 1238 ser
1305 1206 1417 1239 Dinus
1431 1206 1592 1251 Laygoni
1616 1208 1805 1242 Hostexani
1830 1212 1985 1244 notarius

136 1265 171 1292 et
193 1260 344 1303 Jacobus
367 1260 411 1292 de
427 1259 657 1292 Griffonibus.

69 1314 112 1345 20
223 1313 356 1345 Eodem
379 1323 481 1352 anno,
506 1313 550 1345 de
573 1322 689 1345 mense
713 1312 808 1356 maji.
833 1331 875 1335 —
898 1312 1133 1345 Bononienses
1156 1312 1295 1345 iverunt
1317 1312 1491 1345 hostiliter
1505 1314 1552 1346 ad
1576 1314 1708 1347 dictum
1732 1322 1882 1349 castrum
1906 1317 1987 1350 Pla-

135 1366 226 1398 norii
249 1372 285 1398 et
307 1366 396 1398 illud
414 1366 613 1399 habuerunt
636 1365 674 1397 in
696 1366 819 1408 paucis
843 1365 966 1398 diebus
989 1366 1035 1397 ad
1059 1371 1154 1397 certa
1177 1371 1292 1408 pacta.

224 1419 358 1452 Eodem
380 1429 483 1458 anno,
507 1419 566 1451 die
588 1428 638 1450 xv
660 1418 760 1462 junii.
787 1436 829 1441 —
852 1418 1056 1451 Leonardus
1078 1419 1123 1451 de
1152 1418 1325 1462 Liacariis
1348 1419 1417 1452 suit
1440 1420 1659 1463 decapitatus
1688 1422 1726 1455 in
1749 1423 1874 1466 platea,
1899 1425 1982 1467 quia

136 1471 310 1505 scribebat
331 1472 449 1504 literas
472 1471 636 1504 inimicis.

224 1525 358 1558 Eodem
380 1535 483 1564 anno,
508 1525 551 1557 de
574 1534 691 1557 mense
714 1524 864 1568 januarii
887 1529 968 1557 ante
992 1524 1184 1567 praedicta.
1209 1543 1251 1548 ——
1273 1525 1533 1558 Bartolomaeus
1556 1527 1689 1560 domini
1713 1528 1814 1562 Pauli
1838 1530 1882 1563 de
1905 1530 1987 1563 Lia-

69 1577 111 1610 25
135 1578 239 1621 cariis
261 1579 331 1610 fuit
354 1578 582 1620 decapitatus,
606 1578 689 1621 quia
712 1578 893 1610 rebellavit
916 1583 1067 1610 castrum
1098 1577 1281 1622 Mugnani.

223 1631 565 1665 M.CCCLXXV111.
601 1649 643 1654 —
677 1631 846 1663 Dominus
878 1631 1001 1663 Petrus
1030 1632 1186 1664 marchio
1220 1632 1352 1665 Montis
1387 1632 1536 1666 Sanctae
1570 1634 1715 1674 Mariae,
1750 1637 1820 1669 fuit
1852 1638 1986 1680 capita-

135 1695 220 1717 neus
241 1685 372 1727 populi.
417 1685 586 1717 Dominus
608 1685 817 1717 Franciscus
847 1684 891 1717 de
920 1684 1043 1717 Doctis
1074 1685 1118 1717 de
1148 1685 1270 1718 Padua
1300 1685 1369 1719 fuit
1400 1692 1561 1729 potestas.
1608 1688 1778 1721 Dominus
1807 1691 1918 1724 Cante
1942 1692 1986 1724 de

137 1737 368 1770 Cabriellibus
391 1739 435 1770 de
458 1737 594 1782 Egubio
611 1738 679 1770 fuit
694 1743 854 1780 potestas.
900 1737 1070 1770 Dominus
1091 1738 1269 1781 Johannes
1284 1739 1328 1771 de
1344 1740 1566 1780 Fratanis—de
1581 1740 1716 1773 Narnia
1732 1743 1801 1775 fuit
1823 1749 1985 1786 potestas.

223 1791 355 1823 Eodem
377 1801 480 1830 anno,
505 1792 549 1823 de
571 1801 686 1823 mense
707 1791 868 1834 januarii.
897 1809 939 1813 -—
967 1791 1162 1833 Episcopus
1185 1791 1413 1824 Venetiarum
1426 1798 1471 1825 ·et
1493 1793 1678 1836 episcopus
1700 1795 1889 1836 Imolensis‚
1913 1808 1986 1829 am-

13 1876 17 1882 :
70 1844 112 1875 30
136 1843 323 1877 basiatores
345 1844 478 1877 domini
501 1854 613 1887 papae
635 1850 670 1876 et
693 1844 896 1883 comissarii,
927 1850 1138 1887 acceperunt
1168 1850 1323 1877 tenutam
1354 1845 1510 1878 civitatis
1540 1846 1720 1879 Bononiae
1750 1859 1814 1890 pro
1843 1850 1984 1883 domino

52 1900 58 1903 ’
135 1907 226 1940 papa
249 1903 283 1930 et
304 1897 526 1930 absolverunt
548 1907 665 1929 omnes
687 1897 969 1929 excomunicatos
991 1903 1026 1929 et
1049 1898 1209 1930 fecerunt
1238 1898 1364 1930 multas
1395 1899 1528 1942 gratias
1550 1899 1587 1930 in
1612 1900 1747 1944 signum
1775 1912 1876 1935 verae
1906 1914 1986 1947 pos-

135 1951 297 1983 sessionis
319 1950 465 1983 dominii
488 1951 642 1983 civitatis
663 1950 852 1983 Bononiae.
899 1950 945 1982 Et
974 1956 1095 1992 postea
1124 1951 1260 1982 amiani
1290 1956 1326 1983 et
1356 1952 1588 1984 confalonerii
1619 1959 1654 1985 et
1680 1960 1832 1995 potestas
1862 1963 1897 1989 et
1927 1968 1986 1990 ca-

135 2003 295 2045 pitaneus
317 2004 478 2047 jurabant
501 2003 650 2035 officium
672 2014 771 2036 suum
794 2003 831 2035 in
854 2003 1013 2036 manibus
1044 2003 1177 2036 domini
1207 2004 1378 2046 Johannis
1401 2005 1445 2036 de
1473 2004 1646 2048 Lignano,
1671 2007 1824 2040 doctoris
1854 2010 1984 2050 eximii,

12 2090 15 2091 ⁷
137 2066 238 2099 quem
262 2057 439 2089 dominum
462 2056 654 2099 Johannem
677 2056 838 2089 dominus
860 2067 952 2098 papa
974 2056 1156 2089 constituit
1179 2067 1278 2088 suum
1301 2057 1472 2089 vicarium
1495 2058 1542 2090 ad
1565 2059 1805 2101 recipiendum
1821 2061 1917 2095 dicta
1931 2063 1986 2107 ju-

7 2108 13 2140 ¹.'
70 2107 112 2141 35
137 2115 307 2148 ramenta3
331 2115 367 2142 et
389 2109 538 2142 habebat
560 2109 654 2142 omni
676 2119 793 2141 mense
817 2110 860 2142 de
883 2110 1008 2141 salario
1031 2110 1139 2142 libras
1161 2115 1300 2142 centum
1324 2111 1445 2142 decem
1468 2122 1489 2143 a
1512 2113 1651 2143 comuni
1682 2113 1859 2147 Bononiae
1890 2117 1987 2150 dicta

137 2163 181 2195 de
203 2173 318 2202 causa,
343 2163 387 2195 de
409 2163 535 2206 quibus
557 2162 632 2205 ipse
656 2163 740 2195 dare
761 2162 921 2205 promisit
944 2162 1039 2194 omni
1069 2172 1186 2195 mense
1217 2163 1371 2206 quinque
1401 2163 1508 2197 libras
1539 2164 1792 2199 bononinorum
1820 2168 1985 2203 Mathaeo

125 2214 182 2248 'de
206 2216 335 2248 Sancto
357 2215 514 2255 Alberto,
538 2216 610 2259 ejus
631 2216 775 2260 figlotio,
799 2216 860 2258 qui
884 2215 1059 2249 scribebat
1080 2216 1274 2259 juramenta
1297 2217 1489 2258 praedicta.

226 2270 358 2302 Eodem
381 2279 483 2309 anno,
508 2270 565 2301 die
587 2278 671 2310 me
692 2269 873 2302 sebruan‘i.
891 2287 932 2292 —
950 2269 1014 2301 Ser
1029 2269 1179 2312 Jacobus
1202 2270 1246 2301 de
1260 2270 1471 2304 Blanchittis
1494 2272 1649 2305 notarius
1673 2274 1772 2307 duxit
1794 2276 1830 2308 in
1846 2287 1986 2310 uxorem

138 2323 313 2355 dominam
335 2323 490 2355 Zannam
513 2323 687 2365 quondam
710 2322 878 2365 Johannis
900 2322 1121 2355 Thomaxini.

0 2371 16 2414 Ἀ
71 2377 113 2408 40
224 2377 356 2408 Eodem
378 2385 481 2415 anno,
505 2377 563 2408 die
593 2385 686 2417 xan
714 2376 808 2419 maji.
832 2394 874 2399 —
897 2375 1053 2408 Comune
1082 2377 1261 2409 Bononiae
1290 2377 1384 2410 misit
1413 2379 1664 2413 ambaxiatores
1694 2383 1741 2415 ad
1771 2383 1982 2418 visitandum

137 2430 314 2462 dominum
337 2440 463 2472 papam
486 2429 623 2462 noviter
644 2430 802 2468 electum,
826 2429 990 2462 videlicet
1012 2440 1139 2472 papam
1162 2430 1342 2463 Urbanum
1359 2437 1501 2471 sextum,
1525 2439 1560 2465 et
1579 2434 1831 2468 ambaxiatores
1847 2438 1988 2471 fuerunt

137 2483 205 2522 isti,
222 2483 404 2515 videlicet:
430 2484 589 2515 dominus
612 2483 787 2515 Gerardus
810 2483 854 2515 de
878 2483 1057 2516 Consortis
1078 2484 1186 2523 miles,
1212 2485 1370 2517 dominus
1392 2485 1534 2529 Eganus
1556 2487 1600 2519 de
1622 2488 1856 2523 Lambertinis
1878 2492 1987 2531 miles,

138 2537 297 2569 dominus
319 2537 579 2569 Bartolomaeus
601 2537 646 2569 de
669 2536 821 2569 saliceto
843 2537 958 2580 legum
982 2537 1105 2569 doctor
1127 2543 1162 2570 et
1185 2547 1240 2570 ser
1260 2538 1373 2570 Dinus
1394 2538 1555 2583 Laygoni
1578 2541 1768 2574 Hostexani
1785 2545 1950 2578 notarius.

225 2590 357 2622 Eodem
380 2599 483 2629 anno,
506 2595 584 2632 post
605 2590 781 2622 modicum
804 2595 948 2632 tempus.
971 2608 1013 2612 —
1039 2588 1244 2623 Cardinales
1258 2591 1524 2631 ultramontani,'
1549 2594 1610 2636 qui
1633 2601 1732 2628 erant
1749 2596 1894 2637 Romae,
1911 2599 1984 2631 ive-

4 2661 21 2698 ,ξπ
72 2641 113 2674 45
130 2649 210 2676 runt
231 2642 426 2687 Anagnam,
451 2644 606 2676 dicentes
629 2644 723 2686 quod
747 2643 861 2676 dictus
883 2654 976 2687 papa
998 2643 1163 2677 Urbanus
1186 2645 1237 2677 VI
1265 2654 1335 2677 non
1360 2651 1435 2678 erat
1458 2656 1550 2689 papa
1566 2653 1601 2679 et
1624 2649 1719 2690 quod
1741 2659 1812 2681 non
1827 2657 1901 2684 erat
1925 2653 1985 2685 de-

138 2697 212 2729 bito
234 2697 338 2729 modo
360 2697 499 2730 electus.
545 2697 591 2729 Et
613 2697 791 2741 elegerunt
813 2707 919 2730 unum
942 2698 1049 2730 alium
1072 2709 1210 2740 papam,
1233 2699 1400 2731 videlicet
1423 2700 1638 2732 cardinalem
1661 2701 1855 2736 Robertum
1878 2705 1988 2739 Zebe-

138 2760 277 2783 nensem
299 2751 468 2794 Zoppum,
492 2751 553 2795 qui
576 2758 717 2784 venerat
740 2757 862 2784 contra
878 2753 1055 2785 civitatem
1071 2753 1249 2785 Bononiae
1264 2758 1300 2785 et
1311 2758 1363 2785 tot
1375 2754 1466 2786 mala
1480 2754 1567 2787 fecit
1579 2755 1617 2786 in
1630 2756 1797 2789 comitatu
1808 2758 1987 2792 Bononiae

137 2813 217 2836 cum
239 2805 404 2837 societate
425 2805 617 2845 Britonum,
640 2811 679 2838 ut
701 2806 858 2848 superius
880 2805 946 2838 tibi
970 2806 1104 2848 scripsi.
1151 2806 1197 2839 Et
1219 2806 1270 2838 sic
1294 2806 1496 2850 incoeptum
1526 2808 1596 2841 fuit
1625 2809 1727 2842 sisma
1758 2810 1795 2843 in
1828 2811 1988 2846 Ecclesia

5 2899 12 2907 „
136 2853 214 2898 Dei,
238 2859 332 2902 quod
354 2859 493 2892 duravit
514 2860 616 2892 annis
638 2869 716 2892 xxx
737 2865 773 2892 et
793 2860 895 2900 ultra,
919 2860 1002 2904 quia
1025 2860 1189 2893 continuo
1212 2866 1333 2903 postea
1356 2862 1498 2895 fuerunt
1522 2863 1591 2896 duo
1607 2874 1729 2907 papae,
1753 2865 1920 2899 videlicet
1936 2867 1987 2899 ci-

75 2911 116 2945 50
139 2918 375 2947 tramontanus
396 2919 430 2946 et
453 2914 540 2947 alter
562 2915 844 2948 ultramontanus.
891 2914 937 2948 Et
960 2915 1075 2950 dictus
1099 2916 1259 2950 dominus
1288 2915 1463 2958 Urbanus,
1494 2927 1595 2951 verus
1624 2929 1727 2962 papa,
1758 2919 1882 2953 videns
1906 2930 1942 2953 se
1965 2931 1987 2955 a

2057 532 2134 555 Mum,
2150 531 2188 550 1⁹0

2064 1653 2084 1669 c.
2099 1648 2140 1667 123
2154 1648 2165 1667 b

2058 2401 2078 2417 c.
2096 2400 2137 2420 ¹2⁹
2151 2402 2165 2415 ι

2061 2609 2138 2633 Mun..
2156 2609 2191 2630 191
