2196 3424
59 577 151 601 affl&

74 1375 94 1390 c.
109 1374 167 1394 596

76 2166 166 2189 amb

22 2429 102 2453 Mus..
123 2430 160 2450 138

248 167 295 202 32
802 164 1086 200 MATTHAEI
1114 165 1184 199 DE
1214 165 1556 201 GRIFFONIBUS
1812 171 1897 208 [ΛΑ.
1919 175 2000 201 1311-
1986 176 2086 210 -13141

244 301 309 334 fuit
332 301 366 333 in
391 300 528 334 civitate
552 299 742 333 Mediolani
766 309 894 332 corona
917 299 960 332 de
984 299 1078 332 ferro
1102 304 1136 331 et
1152 308 1239 331 uxor
1255 309 1315 331 sua
1330 298 1397 330 fuit
1413 304 1578 330 coronata
1595 308 1723 331 corona
1746 299 1789 332 de
1813 306 1968 344 argento.
2015 299 2086 339 Qui

244 354 430 395 imperator
452 352 588 394 accepit
611 351 800 384 dominium
824 351 1015 385 Mediolani
1039 350 1180 384 domino
1204 350 1356 383 Guidoni
1379 350 1423 383 de
1449 350 1481 382 la
1497 350 1612 389 Turri,
1629 351 1688 394 qui
1705 357 1779 385 erat
1795 352 1954 386 dominus
1970 354 2084 387 dictae

243 406 398 440 civitatis.

332 458 464 492 Eodem
488 467 589 490 anno.
615 476 655 481 —-
679 457 806 490 Paulus
828 458 872 490 de
896 458 929 490 la
951 458 1108 490 Fontana
1138 456 1289 489 notarius
1320 456 1387 488 fuit
1417 455 1584 488 mitriatus
1615 461 1649 488 et
1679 456 1818 490 indutus
1842 458 1885 491 de
1909 464 2086 504 stamegna

243 511 308 543 fuit
331 511 527 544 combustus
549 516 691 552 propter
714 510 838 543 multas
861 511 1030 543 falsitates
1052 520 1136 553 quas
1160 509 1389 542 commiserat.
2131 512 2150 544 5

331 564 552 597 M.CCCXII.
579 582 616 587 —
643 564 816 597 Henricus
839 564 1027 607 imperator
1050 564 1162 596 factus
1185 563 1252 596 fuit
1276 567 1459 595 coronatus
1482 562 1628 601 Romae,
1653 563 1709 595 die
1743 563 1824 597 festi
1846 566 1957 598 sancti
1979 541 2086 604 Petri,

242 618 285 650 de
310 627 425 650 mense
447 617 546 661 junii,
569 617 605 649 in
628 618 775 650 ecclesia
797 618 908 650 sancti
932 617 1099 660 Johannis
1120 616 1374 649 Lateranensis.

327 671 461 704 Eodem
484 681 586 703 anno.
610 689 652 693 —
676 671 877 712 Imperator,
902 671 945 702 de
970 681 1088 702 mense
1113 669 1202 713 maji,
1227 669 1335 702 movit
1350 680 1387 702 se
1412 669 1455 702 de
1472 668 1560 702 Pisis
1578 675 1613 702 et
1628 669 1690 702 ivit
1706 669 1899 703 Viterbium
1916 677 1951 704 et
1965 678 2088 714 postea

241 724 351 757 subito
373 723 435 756 ivit
456 723 605 757 Romam
631 729 665 756 et
687 723 827 756 intravit
848 734 911 766 per
934 729 1076 765 pontem
1098 722 1253 761 Mollem,
1277 722 1384 755 invito
1409 722 1549 754 domino
1573 722 1742 764 Johanne,
1766 723 1873 756 fratre
1897 724 1989 768 regis
2013 726 2088 758 Ro-

240 778 328 811 berti
336 790 345 815 3
374 783 408 810 et
432 777 662 810 marescalcus
692 777 889 809 Florentiae
922 776 982 809 ivit
1013 782 1135 808 contra
1167 786 1244 808 eum
1275 776 1425 808 Romam
1457 781 1492 808 et
1523 775 1626 808 etiam
1657 775 1893 811 Bononienses
1923 778 2088 812 miserunt
2114 778 2153 811 10

241 841 283 863 cc
306 830 430 863 milites
452 836 487 862 et
510 840 574 862 ccc
597 830 733 872 pedites
757 835 791 862 et
814 829 952 862 frustra.
988 829 1033 862 Et
1057 835 1161 871 caput
1185 829 1354 861 dictarum
1372 828 1526 871 gentium
1543 828 1811 862 Bononiensium
1835 836 1909 863 erat
1931 831 2089 864 dominus

240 883 441 916 Guilielmus
464 883 508 915 de
532 882 776 926 Guidozagnis,
809 882 893 915 civis
923 882 1155 920 bononiensis,
1187 881 1246 923 qui
1277 881 1361 914 obiit
1391 882 1427 913 in
1458 881 1553 914 dicta
1583 882 1710 914 andata
1739 882 1775 914 in
1806 882 2024 923 Urbeveteri,
2053 890 2089 917 et

240 936 284 970 ob
307 936 344 968 id
366 936 635 975 Bartolomaeus,
658 936 747 968 filius
769 935 854 968 dicti
878 935 1009 968 domini
1033 934 1218 973 Guilielmi,
1242 934 1308 967 fuit
1330 934 1445 967 factus
1467 934 1567 967 miles
1589 934 1767 968 Bononiae
1792 941 1827 968 et
1849 936 1910 969 ivit
1932 935 2011 970 loco
2025 947 2089 979 pa-

239 989 299 1022 tris
321 1000 384 1031 pro
407 994 578 1031 potestate
595 988 717 1032 Regii,
741 989 787 1021 ad
803 989 897 1032 quod
920 988 1060 1021 offitium
1085 994 1160 1021 erat
1183 987 1315 1021 electus
1331 988 1445 1020 dictus
1461 987 1620 1020 dominus
1644 987 1848 1021 Guilielmus
1870 1000 1950 1023 suus
1971 995 2087 1032 pater:

241 1048 276 1075 et
298 1043 437 1085 quando
460 1042 526 1075 fuit
549 1042 664 1075 factus
685 1042 793 1081 miles,
818 1052 964 1075 comune
986 1041 1165 1074 Bononiae
1189 1041 1331 1074 donavit
1354 1040 1420 1074 sibi
1442 1041 1535 1073 mille
1559 1040 1664 1074 libras
1686 1040 1949 1075 bononinorum.
2115 1042 2152 1076 15

327 1095 461 1128 Eodem
485 1106 585 1129 anno.
611 1113 653 1118 --
675 1094 844 1127 Dominus
868 1094 1059 1137 Gregorius
1083 1099 1118 1126 et
1141 1094 1252 1126 frater
1277 1092 1359 1136 ejus,
1384 1093 1443 1136 qui
1461 1099 1559 1125 erant
1577 1099 1757 1127 consortes
1779 1094 1909 1127 domini
1933 1094 2088 1138 episcopi

239 1148 471 1187 bononiensis,
493 1153 716 1180 accesserunt
739 1148 785 1180 ad
807 1147 950 1180 Plebem
975 1147 1019 1179 de
1043 1146 1144 1186 Pinu‚
1169 1156 1273 1179 causa
1295 1146 1493 1188 accipiendi
1516 1151 1670 1179 tenutam
1701 1146 1817 1179 dictae
1847 1147 1969 1189 plebis,
1999 1159 2087 1191 quae

239 1208 321 1234 tunc
343 1201 490 1234 vacabat
511 1212 575 1244 per
597 1206 743 1234 mortem
766 1200 1049 1243 archipresbiteri
1072 1199 1179 1242 ipsius
1202 1199 1323 1242 plebis.
1371 1199 1417 1231 Et
1439 1205 1522 1232 tunc
1554 1199 1714 1242 captanei
1746 1199 1790 1232 de
1818 1200 1952 1244 Vicano
1982 1201 2088 1235 inter-

239 1255 400 1288 fecerunt
423 1256 526 1298 ipsos,
550 1265 593 1287 ne
617 1254 819 1296 acciperent
843 1258 997 1286 tenutam
1022 1253 1136 1286 dictae
1160 1252 1289 1295 plebis:
1316 1258 1350 1285 et
1368 1253 1412 1285 de
1429 1252 1582 1295 ipsorum
1606 1258 1717 1286 morte
1740 1253 1807 1286 fuit
1830 1264 1974 1298 magnus
1989 1254 2089 1288 dolor

239 1308 274 1340 in
298 1314 372 1343 tota
394 1308 562 1342 Bononia.
2111 1310 2154 1342 20

330 1359 568 1393 M.CCCX111.
593 1359 727 1392 Eodem
752 1369 853 1398 anno,
878 1360 922 1391 de
946 1369 1063 1391 mense
1087 1358 1263 1391 februarii.
1288 1376 1329 1381 —-
1354 1358 1522 1390 Dominus
1552 1358 1780 1402 Raymundus
1804 1359 1848 1392 de
1873 1359 2004 1402 Spello,
2030 1361 2091 1404 qui

238 1413 352 1446 iuerat
383 1423 499 1446 comes
521 1412 774 1446 Romandiolae
798 1422 862 1455 pro
886 1412 1027 1444 domino
1058 1422 1149 1454 papa
1172 1417 1207 1443 et
1230 1422 1322 1444 nunc
1355 1417 1429 1444 erat
1452 1411 1607 1444 marchio
1630 1411 1810 1445 Marchiae
1834 1411 2088 1452 Anconitanae,

239 1466 397 1499 discessit
421 1467 465 1500 de
487 1466 646 1500 Bononia
669 1476 747 1499 cum
770 1476 895 1510 magna
918 1466 1099 1503 comitiva3
1125 1470 1160 1498 et
1184 1465 1266 1498 dum
1291 1470 1382 1497 esset
1404 1465 1440 1496 in
1472 1465 1637 1497 comitatu
1660 1464 1829 1505 Mutinae,
1853 1471 1888 1498 et
1912 1477 1990 1499 cum
2012 1467 2090 1509 ipso

240 1525 313 1552 erat
336 1519 494 1552 dominus
516 1519 725 1552 Franciscus
749 1519 792 1552 de
816 1519 851 1551 la
874 1519 989 1557 Τιιιτὶ,
1006 1518 1074 1550 fuit
1088 1517 1272 1550 insultatus
1287 1528 1308 1549 a
1323 1517 1578 1550 Mutinensibus
1602 1523 1636 1549 et
1660 1517 1727 1550 fuit
1749 1518 1956 1551 interfectus
1979 1530 2001 1552 a
2022 1519 2090 1552 Pa-

238 1572 364 1615 ganino
388 1572 514 1605 comite
547 1572 591 1604 de
621 1570 754 1604 Panico
779 1577 813 1604 et
835 1582 856 1603 a
885 1570 1086 1604 Guidinello
1111 1575 1145 1603 et
1177 1570 1357 1603 Scrinerio
1389 1570 1433 1602 de
1457 1569 1618 1613 Magi-eto
1643 1580 1721 1602 cum
1745 1570 1866 1613 majori
1887 1577 1986 1614 parte
2009 1582 2088 1606 suae
2112 1571 2153 1606 25

237 1625 351 1668 gentis
374 1630 408 1657 et
432 1625 617 1658 derobatus
640 1625 684 1657 de
707 1624 864 1657 omnibus
887 1624 986 1658 bonis
1009 1629 1044 1657 et
1067 1623 1181 1662 rebus,
1206 1634 1293 1666 quae
1318 1623 1509 1661 habebant3
1527 1628 1562 1655 et
1578 1622 1712 1656 dictum
1736 1624 1804 1656 fuit
1820 1625 1915 1667 quod
1930 1626 2005 1668 ipse
2028 1626 2090 1658 ha-

236 1677 366 1711 bebant
387 1688 506 1711 secum
528 1678 619 1710 ultra
640 1678 859 1722 septuaginta
881 1677 989 1710 millia
1012 1678 1226 1715 ducatorum,
1251 1686 1337 1720 quos
1359 1676 1519 1718 portabat
1543 1677 1682 1709 domino
1706 1688 1836 1720 papae;
1861 1683 1896 1711 et
1918 1684 2090 1721 portatum

238 1730 305 1763 fuit
328 1741 455 1773 corpus
485 1741 582 1763 suum
605 1731 652 1763 ad
679 1730 845 1764 Sanctum
867 1731 1008 1763 Domini
1031 1741 1111 1763 cum
1133 1730 1280 1763 fratrum
1303 1729 1588 1762 Praedicatorum
1618 1730 1661 1762 de
1692 1729 1849 1763 Bononia
1879 1736 1914 1763 et
1944 1731 1993 1764 ibi
2022 1732 2091 1765 fuit

237 1783 401 1826 sepultus,
424 1784 565 1817 indutus
586 1784 736 1818 scarlato
761 1795 839 1827 cum
862 1794 988 1828 magno
1011 1783 1155 1817 honore.

324 1837 458 1870 Eodem
482 1847 582 1872 anno.
607 1856 649 1861 —-
672 1837 865 1880 Imperator
887 1837 1089 1880 praedictus
1113 1837 1273 1875 decessit,
1298 1837 1341 1870 de
1366 1847 1482 1869 mense
1511 1837 1657 1880 augusti,
1680 1838 1774 1879 apud
1804 1837 2090 1872 Bonconventum
2113 1839 2156 1872 30

238 1890 418 1924 comitatus
441 1890 610 1924 Senatum
634 1896 669 1924 et
692 1891 824 1925 dictum
847 1890 914 1923 fuit
937 1890 1032 1933 quod
1057 1901 1145 1923 unus
1176 1890 1286 1923 frater
1315 1889 1543 1923 Praedicator
1574 1890 1751 1923 tossicavit
1773 1891 1884 1933 ipsum
1914 1891 1950 1924 in
1981 1891 2091 1924 hostia

238 1943 354 1976 dando
377 1943 441 1977 sibi
465 1954 592 1986 corpus
614 1944 759 1982 Christi;
784 1949 819 1976 et
841 1944 885 1978 ob
908 1944 946 1976 id
968 1951 1054 1987 gens
1078 1944 1165 1976 dicti
1188 1943 1318 1976 domini
1342 1943 1560 1985 imperatoris
1583 1944 1708 1976 multos
1728 1943 1855 1976 fratres
1877 1944 1964 1977 dicti
1986 1945 2091 1978 Ordi-

237 1996 290 2028 nis
313 1997 502 2037 interfecit.

324 2050 458 2083 Eodem
480 2060 580 2084 anno.
609 2069 652 2074 —
679 2051 838 2084 Decessit
866 2050 1050 2083 Mathaeus
1078 2051 1122 2083 de
1153 2050 1393 2093 Ramponibus
1423 2056 1532 2083 morte
1564 2051 1712 2083 naturali
1744 2056 1779 2083 et
1809 2062 1853 2083 ex
1884 2060 1926 2084 eo
1956 2062 2091 2087 reman-

237 2108 354 2136 serunt
378 2103 447 2136 duo
469 2104 541 2143 filii,
565 2104 732 2137 videlicet
755 2103 942 2137 Guidutius
965 2109 1000 2136 et
1024 2103 1237 2137 Guilielmus.
2112 2104 2154 2138 :35

330 2155 587 2190 M.CCCX1111.
610 2157 745 2191 Eodem
771 2166 873 2190 anno.
898 2175 939 2180 —
962 2157 1129 2190 Dominus
1152 2157 1353 2190 Bernardus
1377 2157 1420 2189 de
1444 2157 1610 2201 Corniglo
1634 2157 1679 2190 de
1696 2157 1839 2190 Perusio
1856 2158 1922 2191 fuit
1938 2162 2091 2200 potestas

237 2208 385 2242 civitatis
407 2209 584 2243 Bononiae
606 2220 672 2253 pro
693 2210 815 2253 primis
829 2210 1014 2243 mensibus.

324 2262 459 2296 Eodem
481 2272 582 2296 anno.
606 2280 648 2287 —-
671 2262 839 2297 Albertus
868 2262 998 2307 Aeonis
1029 2264 1073 2296 de
1106 2263 1271 2303 Galuciis,
1303 2264 1362 2307 qui
1393 2270 1466 2297 erat
1497 2264 1600 2296 homo
1630 2263 1788 2306 peximae
1821 2264 2030 2298 conditionis
2055 2270 2091 2297 et

237 2315 345 2347 multa
365 2315 456 2348 mala
478 2315 633 2359 gerebat,
664 2316 731 2348 fuit
762 2322 882 2359 captus
912 2317 957 2349 ad
989 2317 1173 2359 quamdam
1203 2317 1342 2359 plebem
1375 2327 1483 2359 prope
1508 2318 1710 2361 Fagnanum
1735 2316 1887 2350 Sceleris
1909 2317 2090 2351 comitatus

237 2368 364 2401 Imolae
387 2378 452 2410 per
474 2368 640 2402 familiam
665 2368 752 2402 dicti
774 2369 970 2411 potestatis:
996 2375 1031 2402 et
1055 2369 1169 2403 dictus
1190 2369 1266 2413 Aco
1291 2369 1335 2402 de
1360 2370 1516 2402 Galuciis
1539 2376 1639 2412 pater
1654 2380 1734 2402 suus
1750 2375 1785 2402 et
1797 2368 1943 2413 Albicus
1959 2370 2003 2404 de
2020 2370 2089 2403 Ga·
2113 2371 2156 2403 40

236 2421 336 2454 luciis
358 2420 513 2454 fuerunt'
535 2422 766 2464 personaliter
786 2423 832 2455 ad
855 2422 1049 2456 fatiendum
1073 2423 1153 2465 capi
1175 2423 1287 2465 ipsum
1312 2429 1346 2456 et
1369 2423 1415 2456 ad
1441 2423 1732 2465 praesentandum
1758 2423 1869 2465 ipsum
1894 2423 2089 2462 Bononiam

237 2484 305 2517 quo
328 2480 557 2517 praesentato,
579 2475 810 2508 incontinenti
832 2475 900 2510 fuit
916 2475 1141 2518 *decapitatus
1163 2476 1199 2508 in
1222 2477 1339 2519 platea
1362 2477 1518 2510 comunis
1540 2477 1727 2516 Bononiae.

325 2527 459 2560 Eodem
482 2537 582 2560 anno.
601 2546 642 2550 —
665 2528 833 2561 Dominus
854 2528 1017 2572 Pelaglus
1040 2529 1084 2562 de
1108 2529 1260 2573 Pelaglis
1283 2530 1327 2562 de
1345 2529 1474 2562 Sancto
1491 2529 1639 2562 Miniato
1662 2530 1730 2562 fuit
1745 2530 1947 2572 capitaneus
1969 2530 2090 2572 populi

236 2579 458 2663 Bonssadeem
475 2641 575 2663 anno.
595 2649 632 2653 —
651 2630 819 2663 Dominus
830 2630 1002 2675 Ugolinus
1019 2632 1062 2664 de
1079 2631 1246 2675 Liacariis
1262 2632 1328 2665 fuit
1344 2633 1458 2665 factus
1475 2632 1574 2665 miles
1596 2633 1642 2665 ad
1659 2632 1826 2665 Sanctum
1843 2632 2026 2666 Nicolaum
2044 2633 2088 2666 de
2113 2631 2154 2664 45

236 2681 375 2716 Albaris
397 2684 477 2726 quia
501 2683 651 2717 debebat
673 2683 724 2716 ire
747 2684 784 2716 in
807 2683 920 2717 officio
942 2695 1006 2727 pro
1031 2690 1201 2727 potestate
1226 2686 1375 2718 civitatis
1398 2686 1515 2730 Regii.

325 2737 459 2769 Eodem
481 2747 582 2770 anno.
611 2754 649 2761 —
671 2736 839 2770 Dominus
862 2738 1012 2781 Jacobus
1037 2739 1081 2771 de
1105 2738 1326 2771 Pontecarali
1350 2739 1393 2771 de
1417 2739 1536 2771 Brixia
1558 2739 1626 2772 fuit
1648 2744 1799 2782 potestas
1825 2738 2002 2772 Bononiae
2024 2749 2091 2781 pro

237 2789 399 2823 secundis
421 2800 482 2822 sex
503 2790 687 2824 mensibus.

324 2887 342 2913 9
360 2880 445 2914 regis]
463 2890 543 2914 segue
561 2882 696 2908 Franciae
714 2884 858 2908 cancellato
877 2898 910 2902 —
929 2890 1009 2917 34-35
1031 2884 1140 2910 Notizia
1158 2884 1292 2917 aggiunta
1304 2883 1355 2917 pi&
1373 2885 1450 2911 tardi
1468 2900 1500 2904 -
1523 2891 1556 2918 34
1575 2883 1782 2919 Ramponibus]
1801 2885 1831 2910 la
1843 2887 1928 2919 parte
1947 2884 2059 2920 Rampo
2074 2881 2088 2908 ἃ

235 2923 330 2956 ,εςνιᾙα
348 2931 378 2948 su
396 2923 542 2955 abra-earm·
555 2925 665 2964 probab.
679 2925 772 2964 prima
790 2926 935 2960 leggevast‘
949 2926 1127 2955 Griffonibus
