2196 3424
90 186 172 223 [ΛΑ.
192 188 382 222 1255-12601
680 181 1002 217 MEMORIALE
1030 183 1355 220 HISTORICUM
1888 186 1929 225 17

91 315 287 350 Catellanus
310 313 482 349 Guidonis
505 313 664 347 dominae
687 313 828 347 Hostiae
861 314 904 347 de
937 314 1133 353 Catellanis,
1158 315 1316 348 dominus
1338 315 1447 349 frater
1468 316 1697 360 Lodorengus
1719 316 1763 349 de
1786 316 1935 358 Andalo,

90 369 214 402 milites
237 374 272 400 et
293 368 483 410 prudentes
506 368 600 400 cives
622 366 870 400 bononienses:
894 368 987 410 quod
1009 368 1076 400 fuit
1099 368 1201 401 valde
1225 369 1309 401 utile
1332 368 1616 402 Bononiensibus.

178 419 314 453 Eodem
337 428 438 457 anno,
456 418 500 451 de
516 427 633 451 mense
658 418 863 451 decembris.
879 437 922 441 —
945 419 1113 451 Dominus
1135 418 1260 452 Petrus
1275 418 1402 451 Paulus
1419 420 1462 452 de
1479 419 1718 462 Ramponibus
1733 422 1800 455 fuit
1823 422 1936 455 factus

89 472 187 505 miles
208 483 272 515 per
294 482 412 515 regem
435 472 623 509 Franciae3
646 472 709 504 ivit
731 481 794 514 pro
817 477 986 513 potestate
1011 471 1160 504 civitatis
1182 471 1334 504 Paduae.

46 525 65 558 5
178 524 419 558 M.CCLXVI.
444 542 486 547 —
508 524 676 557 Dominus
698 523 873 567 Johannes
895 524 1056 557 Dandulo
1071 524 1124 559 ,de
1149 524 1309 557 Venetiis
1331 525 1398 558 fuit
1413 531 1565 568 potestas
1579 527 1767 560 Bononiae.

178 578 312 611 Eodem
336 587 437 610 anno.
461 595 503 600 -—
528 577 644 610 Guido
668 577 832 621 Heganus
855 577 899 609 de
923 577 1083 610 Venetiis
1105 577 1172 610 fuit
1196 578 1393 611 combustus
1415 580 1451 611 in
1474 579 1631 613 Bononia
1653 587 1796 623 propter
1817 591 1936 616 mone-

89 635 158 663 tam
182 629 314 662 falsam.

177 680 312 718 Eodem
346 689 448 718 anno,
483 679 526 712 de
558 690 675 711 mense
706 678 914 711 novembris.
942 697 983 701 -—
1008 679 1178 711 Dominus
1210 679 1334 712 Petrus
1366 680 1515 713 Guelfus
1546 681 1590 714 de
1623 681 1840 717 Griffonibus
1869 683 1937 717 fuit

90 734 222 767 electus
243 738 395 776 potestas
418 732 567 766 civitatis
590 732 768 765 Senatum.

27 787 66 820 10
177 787 312 819 Eodem
334 796 436 819 anno.
462 802 504 808 ——-
527 785 625 818 Obiit
648 785 807 818 dominus
839 785 1082 828 Neapoleonus
1115 786 1159 818 de
1192 786 1380 819 Gozadinis
1413 793 1448 820 et
1483 788 1552 820 duo
1588 798 1649 821 suo
1682 788 1744 821 filii
1778 789 1814 822 in
1838 790 1937 833 quin-

89 840 203 873 decim
228 839 350 872 diebus
373 845 408 872 et
431 839 562 872 dictum
585 838 653 871 fuit
676 839 770 881 quod
792 838 934 871 fuerunt
956 839 1109 872 tossicati
1132 850 1196 881 per
1218 850 1323 872 unam
1347 851 1442 872 suam
1465 850 1663 874 novercam.

175 892 435 926 M.CCLXVII.
458 910 500 916 -ν
523 892 691 924 Dominus
713 891 888 934 Johannes
910 891 1071 924 Dandulo
1093 892 1293 934 praedictus
1314 893 1382 925 fuit
1404 899 1555 935 potestas
1577 893 1764 928 Bononiae.

175 946 311 979 Eodem
334 955 435 978 anno.
459 963 501 968 -—
525 944 682 978 Societas
698 944 993 988 Chalcolariorum
1010 945 1054 977 de
1077 945 1235 977 Bononia
1257 952 1471 988 acceperunt
1487 946 1531 979 de
1548 947 1706 981 manibus
1721 948 1852 982 domini
1874 959 1937 991 po·-

87 1000 218 1032 testatis
233 998 418 1032 Charolum
434 998 663 1036 Nasimbenis,
681 997 901 1041 calcolarium
919 998 1097 1030 detentum
1113 998 1297 1031 occasione
1314 999 1433 1031 mortis
1447 998 1602 1032 Paretini
1619 1000 1664 1032 de
1686 1000 1819 1041 Butrio‚
1834 1011 1936 1044 quem

25 1051 63 1085 15
88 1053 201 1088 dictus
223 1052 391 1085 Charolus
413 1052 595 1084 invenerat
611 1061 689 1084 cum
712 1060 829 1083 uxore.
875 1050 922 1083 Et
946 1051 1040 1083 dicta
1063 1051 1106 1083 de
1132 1061 1235 1084 causa
1257 1062 1401 1095 magnus
1428 1062 1545 1085 rumor
1567 1053 1634 1085 fuit
1657 1059 1692 1086 et
1715 1054 1847 1096 positus
1869 1055 1937 1088 fuit

86 1106 176 1150 ignis
198 1106 234 1138 in
256 1105 384 1147 palatio
407 1104 585 1146 potestatis
606 1110 643 1136 et
670 1104 783 1137 dictus
809 1109 961 1146 potestas
986 1103 1053 1136 suit
1076 1103 1236 1146 expulsus
1260 1104 1303 1137 de
1328 1105 1506 1148 regimine.
1552 1106 1598 1138 Et
1620 1107 1751 1139 antiani
1774 1107 1937 1141 fecerunt

88 1157 242 1201 regimen
267 1155 416 1189 civitatis
437 1164 518 1196 XXIJ
542 1155 673 1187 diebus.

175 1207 308 1241 Eodem
332 1216 433 1239 anno.
459 1224 500 1229 —
522 1205 689 1250 Magnum
712 1205 882 1248 proelium
906 1206 972 1239 fuit
994 1206 1086 1238 inter
1108 1205 1344 1239 Scanabichos
1367 1211 1402 1239 et
1423 1206 1664 1240 Lambertinos
1683 1209 1740 1241 die
1764 1209 1938 1242 dominica

86 1270 157 1303 ΧΠ]
178 1260 292 1295 martii
315 1265 350 1293 et
375 1259 474 1293 multi
496 1259 675 1292 interfecti
697 1258 839 1292 fuerunt
870 1264 904 1291 et
935 1258 1033 1291 multi
1056 1259 1237 1298 vulnerati,
1267 1259 1360 1293 inter
1386 1269 1472 1301 quos
1501 1260 1700 1294 vulneratus
1724 1267 1759 1294 et
1781 1267 1936 1294 mortuus

21 1315 64 1346 20
87 1313 155 1348 fuit
186 1313 345 1347 dominus
374 1312 634 1346 Bartolomaeus
665 1311 837 1345 Guidonis
867 1311 978 1356 Zagni
1008 1317 1043 1344 et
1066 1311 1219 1354 sepultus
1249 1311 1294 1344 ad
1325 1311 1491 1344 Sanctum
1521 1312 1690 1355 Jacobum
1722 1314 1765 1347 de
1797 1314 1936 1356 Sapina.

87 1365 169 1406 Qua
192 1367 235 1400 de
261 1377 374 1404 causa,
407 1376 471 1408 pro
494 1365 659 1400 faciendo
682 1365 883 1403 vindictam,
906 1364 1132 1403 Mutinenses‚
1155 1364 1296 1407 Regini,
1320 1365 1553 1404 Ferarienses,
1576 1365 1782 1400 Parmenses
1805 1373 1840 1401 et
1862 1367 1936 1400 Ro-

86 1419 280 1455 mandiolae
321 1419 504 1452 voluerunt
538 1418 658 1452 venire
692 1418 879 1451 Bononiae.
926 1418 972 1450 Et
1009 1422 1091 1449 tunc
1127 1427 1274 1450 comune
1309 1417 1486 1451 Bononiae
1526 1418 1624 1452 dedit
1661 1419 1840 1455 arbitrium
1875 1431 1937 1453 an-

86 1473 188 1506 tianis
211 1478 246 1505 et
268 1471 440 1514 potestati,
463 1471 524 1514 qui
546 1471 709 1504 fecerunt
731 1470 851 1503 facere
874 1470 1037 1514 guardias
1067 1470 1113 1502 ad
1145 1470 1265 1502 domos
1290 1470 1462 1503 dictarum
1484 1471 1634 1513 partium
1662 1482 1727 1514 per
1756 1473 1938 1508 societates

84 1524 269 1559 Armorum
301 1530 380 1557 octo
404 1524 526 1558 diebus
549 1523 721 1558 continuis
749 1528 784 1556 et
806 1523 973 1556 miserunt
994 1522 1237 1556 Lambertinos
1259 1523 1305 1555 ad
1328 1523 1477 1556 confinia
1506 1523 1672 1559 Mantuae
1704 1531 1739 1558 et
1770 1525 1937 1560 Scanabi-

21 1578 62 1611 25
87 1579 171 1612 chos
193 1578 238 1611 ad
262 1578 412 1611 confinia
433 1577 641 1610 Florentiae.
687 1577 734 1610 Et
757 1582 840 1610 tunc
866 1576 982 1608 datum
999 1575 1082 1609 fuit'
1105 1576 1284 1609 arbitrium
1301 1576 1440 1616 domino
1455 1576 1665 1622 Lodorengo
1682 1579 1726 1611 de
1742 1577 1881 1612 Andalb
1899 1585 1935 1612 et

87 1632 226 1665 domino
250 1631 430 1664 Catellano
454 1630 498 1663 de
522 1629 719 1668 Catellanis‚
742 1628 918 1667 militibus,
936 1629 996 1672 qui
1011 1628 1087 1662 fieri
1109 1629 1274 1662 fecerunt
1288 1640 1412 1672 pacem
1428 1629 1520 1663 inter
1533 1630 1774 1665 Lambertinos
1797 1638 1832 1668 et
1852 1632 1938 1666 Sca-

85 1685 260 1720 nabechos
294 1690 328 1717 et
350 1684 442 1717 inter
473 1683 670 1717 Gozadinos
700 1688 736 1716 et
765 1681 928 1715 Arientos
960 1688 995 1715 et
1025 1683 1117 1715 inter
1146 1682 1329 1725 Principes
1360 1689 1395 1715 et
1429 1683 1516 1716 filios
1550 1684 1681 1717 domini
1706 1685 1937 1720 Bartolomaei

86 1739 256 1773 Guidonis
277 1738 399 1781 Zagni,
422 1737 513 1770 inter
534 1736 643 1769 Ursos
666 1741 701 1769 et
723 1735 998 1774 Chalamatones,
1022 1736 1114 1768 inter
1135 1735 1213 1768 illos
1243 1736 1288 1768 de
1313 1735 1442 1769 Sancto
1475 1736 1628 1781 Georgio
1657 1744 1692 1771 et
1720 1738 1938 1771 Blanchittos

87 1797 122 1825 et
143 1791 334 1836 Picigottos
357 1796 391 1823 et
414 1789 539 1822 multos
560 1789 645 1822 alios
669 1790 764 1822 cives
780 1795 815 1822 et
830 1789 993 1822 fecerunt
1008 1789 1133 1822 multas
1155 1789 1352 1832 parentelas
1369 1795 1404 1822 et
1420 1790 1609 1823 cancellari
1624 1801 1744 1824 omnes
1765 1791 1933 1824 bannitos.

20 1846 62 1878 30
87 1845 168 1883 Qua
190 1845 234 1877 de
259 1854 362 1877 causa
383 1843 643 1876 Bartolomaeus
666 1843 710 1875 de
733 1842 948 1886 Butrigariis,
973 1847 1055 1875 tunc
1079 1842 1248 1881 antianus,
1275 1848 1310 1875 et
1332 1842 1529 1886 Magarotti,
1554 1844 1634 1886 quia
1649 1844 1812 1878 auxilium
1829 1845 1936 1878 dede-

84 1904 162 1933 rant
185 1897 416 1935 condemnati,
433 1902 469 1929 et
484 1896 624 1939 quidam
641 1895 700 1928 alii
715 1896 760 1929 de
783 1901 890 1929 strata
912 1895 1023 1930 sancti
1043 1895 1179 1935 Vitalis‚
1204 1896 1263 1939 qui
1279 1896 1443 1929 auxilium
1461 1896 1630 1929 dederant
1646 1897 1691 1930 ad
1708 1898 1936 1936 evadendum,

85 1952 226 1987 fuerunt
249 1950 471 1985 condemnati
492 1950 529 1983 in
551 1952 661 1983 MV111⁶
684 1949 780 1983 libris
803 1949 1067 1989 bononinorum,
1083 1950 1175 1983 inter
1198 1960 1284 1994 quos
1299 1950 1442 1984 suerunt
1464 1950 1634 1994 Ugolinus
1657 1957 1692 1984 et
1713 1950 1938 1985 Albertucius

86 2007 130 2039 de
153 2004 326 2039 Asinellis.
371 2003 476 2036 Unde
501 2003 597 2046 quasi
628 2008 700 2036 tota
731 2003 853 2036 civitas
883 2003 951 2036 fuit
975 2003 1153 2036 destructa
1176 2009 1211 2037 et
1233 2009 1385 2045 potestas
1399 2003 1577 2037 Bononiae
1594 2005 1803 2038 renuntiavit
1825 2004 1938 2037 officio

86 2065 122 2092 et
144 2058 288 2091 recessit
310 2057 354 2090 de
378 2067 496 2090 mense
519 2055 609 2100 maji.
656 2057 703 2089 Et
734 2062 817 2090 tunc
850 2056 983 2089 electus
1015 2056 1082 2089 fuit
1110 2062 1262 2098 potestas
1285 2056 1461 2089 Bononiae
1485 2067 1549 2098 pro
1572 2067 1641 2089 uno
1664 2067 1756 2090 anno
1779 2057 1938 2090 dominus

20 2111 61 2144 35
85 2111 190 2145 Rech
213 2110 344 2144 domini
365 2109 551 2142 Alamanni
576 2109 619 2142 de
642 2109 748 2142 Turri
764 2116 799 2142 et
816 2110 975 2143 dominus
992 2109 1180 2142 Guidestus
1197 2109 1241 2142 de
1258 2108 1504 2142 Pontecharali
1518 2110 1555 2142 in
1572 2110 1790 2152 capitaneum
1806 2110 1937 2153 populi.

174 2164 309 2207 Eodem
333 2173 424 2196 anno
437 2168 472 2196 et
487 2168 653 2206 tempore.
678 2181 719 2186 —
736 2163 863 2196 Nerius
878 2162 1049 2207 Raynerii
1067 2163 1111 2195 de
1136 2162 1292 2195 Galuciis
1309 2167 1344 2194 et
1359 2162 1553 2206 Petricolus
1575 2162 1684 2195 Tusci
1701 2163 1843 2202 Guerci,
1861 2163 1936 2196 dic-

85 2224 141 2253 tus
162 2218 321 2256 Pariarm,
343 2217 598 2251 interfecerunt
621 2217 805 2259 quemdam
829 2217 873 2250 de
895 2223 1015 2250 sancto
1031 2216 1184 2249 Martino
1200 2216 1237 2248 in
1254 2216 1385 2259 Campo
1409 2216 1491 2248 Fori
1498 2228 1507 2254 3
1532 2226 1600 2259 qua
1616 2217 1660 2249 de
1678 2226 1781 2249 causa
1803 2216 1936 2249 banniti

86 2271 229 2305 fuerunt
245 2277 280 2304 et
297 2270 418 2304 domus
441 2280 560 2303 eorum
582 2268 740 2303 fuerunt'
764 2270 963 2304 combustae
980 2275 1015 2303 et
1032 2269 1256 2302 condemnati
1279 2269 1421 2302 fuerunt
1436 2270 1473 2302 in
1484 2279 1541 2302 ΜΜ
1557 2269 1653 2302 libris
1669 2269 1931 2302 bononinorum.

173 2323 387 2357 M.CCLXV
390 2323 450 2356 111.
476 2341 517 2346 —
540 2322 673 2356 Eodem
697 2333 788 2356 anno
815 2323 898 2355 1268
923 2323 1135 2356 Corradinus
1158 2322 1225 2355 fuit
1248 2322 1429 2355 conflictus
1452 2333 1473 2355 a
1495 2333 1577 2366 rege
1602 2322 1727 2355 Carolo
1751 2327 1786 2356 et
1815 2322 1935 2355 habuit

20 2378 63 2411 40
86 2378 231 2411 incisum
255 2377 370 2420 capud
386 2387 464 2409 cum
481 2376 595 2408 multis
611 2376 687 2410 aliis
708 2376 904 2410 baronibus.
951 2377 997 2409 Et
1020 2382 1102 2409 tunc
1119 2375 1258 2418 Regina
1273 2375 1475 2420 Margarita,
1491 2385 1578 2408 uxor
1594 2376 1680 2408 dicti
1696 2376 1788 2420 regis
1803 2375 1936 2414 Karoli‚

85 2430 243 2465 transivit
265 2440 329 2473 per
353 2429 528 2462 civitatem
550 2429 727 2462 Bononiae
752 2435 786 2462 et
808 2429 876 2462 fuit
899 2429 1001 2463 valde
1025 2429 1194 2461 honorata
1216 2429 1252 2461 in
1274 2428 1441 2461 Bononia.

174 2481 309 2515 Eodem
332 2490 433 2514 anno.
457 2498 499 2503 —-
523 2480 619 2513 Obiit
641 2480 864 2514 Innocentius
886 2491 978 2524 papa
1000 2480 1078 2513 1111.

174 2532 309 2566 Eodem
332 2540 434 2565 anno.
450 2549 492 2555 η
508 2530 675 2565 Dominus
690 2529 855 2565 Albertus
878 2531 922 2564 de
946 2531 1202 2575 Chananimicis
1224 2531 1321 2564 venit
1351 2531 1396 2563 ad
1427 2530 1534 2564 verba
1556 2530 1725 2574 injurioxa
1748 2541 1826 2564 cum
1851 2530 1937 2563 Gui-

87 2585 178 2618 done
202 2595 263 2617 suo
287 2589 424 2627 nepote,
447 2584 518 2616 filio
542 2583 673 2616 domini
697 2583 919 2617 Gruamontis
942 2584 985 2617 de
1010 2583 1266 2628 Chacanimicis
1289 2584 1406 2616 fratris
1436 2584 1499 2622 sui,
1524 2590 1558 2616 et
1581 2584 1719 2616 vocavit
1749 2583 1836 2616 filios
1859 2593 1937 2616 suos

20 2636 61 2670 45
87 2638 296 2671 Veneticum
327 2643 363 2670 et
393 2636 678 2680 Chacanimicum
709 2642 744 2670 et
777 2638 958 2680 praecepit
991 2637 1040 2670 eis
1075 2638 1170 2681 quod
1203 2637 1441 2670 interficerent
1473 2637 1604 2670 dictum
1636 2636 1845 2669 Guidonem.
1892 2636 1939 2668 Et

175 2739 190 2757 2
204 2733 337 2765 quod....
357 2731 595 2765 Bononiensibus]
614 2727 684 2765 'agg-
696 2731 746 2763 pit'c
764 2732 842 2757 tardi
857 2740 887 2757 su
906 2731 1075 2758 raschiatura
1093 2733 1121 2757 in
1138 2733 1183 2757 cui
1205 2740 1252 2757 era
1278 2732 1341 2757 dato
1366 2741 1400 2756 un
1418 2735 1490 2756 terzo
1515 2739 1604 2756 nome.-
1623 2731 1653 2755 di
1669 2738 1723 2755 esso
1741 2732 1767 2755 si
1790 2731 1869 2763 Iegge
1886 2731 1938 2755 sol-

87 2778 162 2800 tanto
174 2776 203 2800 et
213 2782 257 2800 ser
269 2789 303 2793 --
316 2780 364 2807 3-4
380 2775 466 2800 Forse
478 2775 556 2800 ancha
573 2777 646 2800 tutta
664 2775 693 2800 Ia
711 2775 819 2804 notssia,
831 2783 874 2800 ma
893 2777 963 2800 certo
981 2775 1006 2799 le
1018 2776 1116 2807 parole
1134 2775 1265 2800 Paulus..
1275 2792 1295 2800 ..
1315 2775 1448 2799 Franciae
1459 2775 1562 2807 surono
1579 2774 1670 2798 scritte
1682 2772 1733 2804 pit>
1751 2773 1829 2798 tardi
1845 2781 1874 2797 sa
1892 2780 1938 2797 ra·

86 2818 221 2844 satiatura
240 2831 274 2836 —-
295 2823 324 2842 11
341 2818 370 2842 et
387 2817 540 2842 dictum...
552 2834 558 2842 .
576 2815 738 2849 novercam]
751 2825 821 2850 agg.
834 2816 885 2849 pi&
903 2817 981 2843 tardi
996 2825 1026 2843 su
1045 2818 1215 2843 rasckiatura
1235 2831 1268 2836 -
1288 2823 1321 2848 23
1339 2815 1399 2849 qui]
1416 2817 1531 2851 seguivq
1549 2815 1617 2841 fecit
1634 2815 1677 2840 che
1687 2815 1726 2849 su
1743 2816 1886 2840 cancellato
1905 2829 1938 2834 —

88 2865 166 2891 30-31
188 2858 333 2892 dederant]
347 2859 461 2892 seguiva
472 2859 680 2884 condemnandi
698 2859 784 2893 chesn
797 2860 941 2885 cancellato
955 2874 988 2878 —
1002 2866 1037 2892 39
1055 2858 1268 2891 MCCLXVIII]
1288 2859 1363 2890 Dopo
1381 2861 1471 2891 questa
1485 2858 1553 2883 data
1567 2858 1710 2890 leggevasi
1720 2857 1937 2891 nell'autografo

42 2905 56 2933 5
87 2905 184 2934 quanto
195 2910 282 2934 segue,
296 2902 338 2926 che
350 2901 401 2932 poi
410 2902 450 2934 su
467 2902 627 2926 cancellato.-
646 2901 786 2926 Dominus
803 2902 881 2926 Rech
893 2902 927 2926 de
945 2902 971 2926 la
984 2902 1074 2926 Turre
1095 2902 1128 2926 de
1147 2901 1309 2927 Mediolano
1327 2899 1383 2925 fuit
1401 2901 1527 2932 potestas
1545 2900 1692 2925 Bononiae
1704 2899 1718 2932 Η
1729 2900 1868 2925 Dominus
1887 2900 1937 2924 Al-

87 2944 183 2969 bertus
201 2944 235 2968 de
254 2943 383 2968 Fontana
401 2943 434 2967 de
453 2943 597 2968 Placentia
613 2944 738 2975 potestas
756 2944 910 2968 Bononiae.

234 3063 266 3092 T·
287 3062 387 3094 xvm‚
407 3071 435 3099 p.
454 3069 478 3088 11
498 3075 531 3082 -
552 3069 576 3090 2.

2010 910 2098 930 aava

2009 2278 2084 2301 Mum,
2102 2277 2140 2297 120
