2196 3424
141 216 224 259 [ΑΛ.
243 222 430 257 1227-1233]
731 210 1050 252 MEMORIALE
1077 211 1402 252 HISTORICUM
1958 215 1980 253 9

228 348 492 382 M.CCXXVII.
517 366 558 371 —
580 348 747 381 Dominus
769 306 875 381 Pisum
899 348 942 381 de
967 347 1136 381 Surixana
1158 348 1224 381 fuit
1246 353 1398 390 potestas
1418 347 1605 381 Bononiae.

228 401 361 434 Eodem
384 411 485 434 anno·
509 420 550 424 —
575 401 752 444 Campana
773 411 900 445 magna
922 401 1093 434 ecclesiae
1117 400 1229 433 sancti
1250 400 1348 434 Petri
1370 400 1513 444 Majoris
1535 401 1710 434 Bononiae
1734 401 1830 434 faeta
1852 402 1928 435 fuit.

228 452 362 487 Eodem
386 464 487 487 anno,
513 472 554 478 —
576 453 706 498 Magna
728 454 838 487 fames
860 454 927 487 fuit
948 454 985 486 in
1009 453 1150 486 civitate
1173 453 1349 486 Bononiae
1382 459 1416 486 et
1446 464 1510 496 per
1537 454 1688 486 diversas
1718 459 1835 496 partes
1859 460 1894 487 et
1925 466 1983 487 va-

137 508 201 542 luit
223 507 330 541 corba
351 507 516 541 frumenti
539 514 608 541 tres
630 507 735 541 libras
758 513 793 541 et
815 507 972 540 fabarum
995 516 1115 553 nvn—J
1137 506 1263 546 soldos,
1292 507 1423 549 speltae
1455 507 1569 539 soldos
1599 517 1733 548 xxme
1763 513 1798 540 et
1825 507 1980 551 melegae

96 559 115 594 5
141 570 260 602 xxan
282 560 407 593 soldos.

226 614 360 647 Eodem
383 623 485 646 anno.
507 632 549 637 ——
573 614 653 648 Fuit
675 625 800 658 magna
822 613 1010 647 mortalitas
1032 619 1101 647 tam
1125 613 1161 646 in
1186 613 1359 652 divitibus,
1383 623 1485 656 quam
1509 613 1544 646 in
1567 613 1776 656 pauperibus
1798 614 1965 656 personis.

226 666 359 699 Eodem
382 676 483 699 anno.
507 685 549 690 —-
571 665 762 710 Antigratis
784 667 972 709 imperator
995 672 1148 699 mortuus
1172 671 1233 699 est.

225 719 359 752 Eodem
382 729 483 752 anno.
507 738 548 742 ——
572 719 728 753 Castrum
752 719 948 752 Franchum
983 719 1202 752 aedificatum
1235 719 1303 752 fuit
1326 719 1362 751 in
1396 719 1560 752 comitatu
1589 719 1776 752 Bononiae.
1823 720 1868 753 Et
1899 726 1982 753 tunc

136 771 350 805 Mutinenses
374 772 533 805 fecerunt
556 772 712 806 Castrum
735 772 888 805 Leonem
912 783 956 804 ex
978 772 1135 814 opposito
1159 772 1245 804 dicti
1269 771 1380 805 Castri
1403 772 1564 805 Franchi.

18 836 28 866 *j
69 826 114 862 ,10
144 851 146 853 >
224 825 505 859 M.CCXXVIIL
530 844 572 849 —
594 826 762 858 Dominus
783 825 936 859 Ubertus
958 825 1167 859 Vieecomes
1190 825 1233 857 de
1257 824 1458 858 Mediolano
1481 825 1548 858 fuit
1570 831 1720 868 potestas
1745 826 1891 859 civitatis
1914 826 1980 859 Bo-

92 891 94 893 ·
137 888 272 912 nomae.

224 932 356 965 Eodem
380 942 471 965 anno
493 932 762 965 MCCXXVIII.
780 951 822 955 --
844 931 974 976 Magna
997 931 1171 965 discordia
1186 937 1261 964 orta
1278 931 1344 964 fuit
1367 932 1544 964 Bononiae
1560 932 1651 965 inter
1666 938 1843 976 magnates
1860 939 1894 965 et
1916 943 1978 975 po-

135 985 282 1028 pulares.
317 985 362 1018 Et
373 985 440 1018 hoc
458 985 524 1018 fuit
539 991 683 1028 propter
697 986 939 1028 proditionem,
956 995 1058 1028 quam
1075 985 1162 1017 fecit
1177 985 1359 1017 Rolandus
1377 985 1535 1017 dominae
1553 985 1708 1024 ciciliae,
1725 987 1784 1028 qui
1801 986 1983 1019 dicebatur

135 1038 316 1071 tradidisse
334 1045 481 1071 castrum
497 1038 668 1071 Plumatii.
716 1036 788 1076 Qui
803 1038 984 1070 Rolandus
999 1038 1035 1070 in
1053 1038 1143 1071 festo
1159 1043 1299 1070 sanctae
1317 1037 1460 1070 Ciciliae
1478 1038 1544 1071 fuit
1560 1044 1712 1070 mortuus
1734 1038 1905 1081 apopulo
1921 1039 1982 1071 bo-

17 1099 22 1120 ι
73 1091 110 1123 15
135 1092 293 1124 noniensi
315 1093 351 1124 in
375 1092 471 1125 curia
494 1092 649 1125 comunis
670 1091 847 1124 Bononiae
872 1103 950 1124 cum
974 1101 1100 1135 magno
1122 1091 1251 1124 furore.
1297 1091 1343 1124 Et
1365 1097 1448 1124 tunc
1473 1091 1630 1123 dominus
1657 1091 1818 1134 Useppus
1842 1092 1885 1124 de
1909 1092 1981 1124 Tu-

134 1144 227 1177 schis
249 1145 316 1178 fuit
338 1145 452 1179 factus
473 1145 674 1188 praefectus
695 1145 814 1187 populi
836 1145 1031 1182 Bononiae3
1050 1145 1107 1177 cui
1124 1144 1263 1177 domino
1279 1144 1423 1186 Useppo
1447 1144 1606 1176 dominus
1628 1150 1780 1186 potestas
1803 1145 1980 1177 Bononiae

134 1203 170 1230 et
192 1204 368 1241 magnates
390 1198 575 1231 noluerunt
598 1198 681 1231 dare
710 1198 931 1231 confalonum
955 1208 1068 1240 neque
1091 1197 1267 1239 palatium.
1314 1196 1358 1229 Et
1382 1203 1464 1229 tunc
1490 1197 1604 1229 dictus
1635 1197 1793 1230 dominus
1816 1197 1978 1240 Useppus

134 1251 247 1284 noctis
269 1257 424 1294 tempore
448 1262 527 1284 cum
551 1261 676 1295 magna
697 1251 916 1284 multitudine
939 1250 1155 1293 popularium
1179 1251 1413 1283 ascenderunt
1435 1250 1599 1293 palatium
1628 1256 1663 1282 et
1692 1250 1873 1293 fregerunt
1900 1261 1982 1292 por-

133 1309 185 1336 tas
216 1310 251 1337 et
281 1305 520 1337 laceraverunt
543 1304 648 1337 libros
679 1310 714 1337 et
744 1305 930 1346 scripturas
963 1303 1081 1345 palatii
1109 1309 1144 1336 et
1174 1303 1398 1345 pulsaverunt
1433 1314 1617 1345 campanas
1649 1309 1684 1335 et
1714 1303 1820 1336 multa
1851 1304 1918 1336 alia
1948 1310 1982 1336 et

16 1350 21 1366 ⁵
68 1358 112 1389 20
135 1357 271 1390 diversa
293 1358 455 1391 fecerunt
486 1363 607 1390 contra
636 1362 842 1400 potestatem
875 1362 910 1389 et
940 1362 1128 1400 magnates.
1174 1356 1219 1389 Et
1251 1362 1334 1389 tunc
1366 1356 1529 1398 incoepta
1559 1356 1626 1389 fuit
1655 1366 1782 1400 guerra
1809 1357 1899 1389 inter
1923 1367 1981 1390 co-

132 1421 235 1443 mune
264 1410 442 1443 Bononiae
473 1417 508 1443 et
530 1410 755 1443 Mutinenses.
775 1407 777 1410 ’
801 1410 846 1442 Et
869 1409 1106 1442 Bononienses
1129 1409 1340 1442 obsederunt
1363 1409 1538 1453 Bacanum
1570 1420 1649 1441 cum
1674 1409 1828 1441 charotio
1857 1415 1891 1441 et
1923 1420 1980 1442 ce-

132 1470 259 1506 perunt
280 1463 498 1496 Plumatium.
545 1464 592 1496 Et
614 1463 680 1496 fuit
702 1463 870 1506 proelium
895 1462 939 1495 de
969 1468 1075 1496 strata
1105 1462 1151 1495 ad
1183 1462 1348 1495 Sanctum
1371 1461 1593 1495 Leonardum
1623 1462 1716 1495 inter
1745 1462 1981 1495 Bononienses

134 1522 169 1550 et
190 1516 415 1549 Mutinenses.

12 1600 15 1602 .
219 1570 270 1602 Μ.
273 1569 518 1603 CCXXVIHI.
542 1589 583 1593 —
606 1569 774 1602 Dominus
795 1568 1008 1612 Aliprandus
1030 1568 1126 1602 Faba
1149 1569 1216 1601 fuit
1238 1574 1389 1612 potestas
1412 1560 1601 1601 Bononiae.

22 1615 29 1620 ’
66 1615 108 1656 25
221 1623 355 1656 Eodem
378 1633 480 1662 anno,
505 1623 560 1655 die
583 1633 643 1664 111J
665 1622 878 1665 septembris.
903 1641 945 1646 —-
968 1622 1126 1655 Castrum
1157 1623 1268 1655 sancti
1291 1622 1449 1655 Caexarii
1473 1628 1612 1664 captum
1636 1622 1703 1655 fuit
1726 1633 1789 1665 per
1819 1623 1887 1654 vim
1919 1634 1981 1664 per

130 1676 366 1710 Bononienses
389 1682 424 1709 et
447 1676 662 1709 combustum
685 1676 768 1714 fuit;
792 1681 827 1708 et
850 1685 979 1714 omnes,
1003 1676 1062 1718 qui
1086 1682 1184 1708 erant
1206 1676 1308 1714 intus,
1332 1676 1457 1708 mortui
1480 1686 1541 1708 seu
1566 1675 1658 1717 capti
1682 1675 1833 1714 fuerunt,
1857 1676 1979 1708 viden—

131 1729 222 1763 tibus
243 1729 506 1767 Mutinensibus,
529 1728 771 1762 Parmensibus
793 1734 829 1761 et
851 1728 1150 1767 Cremonensibus,
1174 1729 1233 1771 qui
1257 1735 1355 1761 eraut
1378 1728 1437 1761 ibi.

218 1783 352 1816 Eodem
375 1793 477 1816 anno.
495 1801 536 1805 --
552 1782 716 1826 Treugua
739 1782 834 1815 facta
849 1782 916 1815 fuit
945 1782 1038 1815 inter
1060 1792 1207 1815 comune
1230 1781 1408 1814 Bononiae
1433 1787 1467 1815 et
1490 1782 1671 1824 praedicta
1694 1782 1853 1815 comunia
1875 1782 1978 1815 Lom-

131 1835 328 1869 bardorum.

20 1895 22 1927 ζ
64 1889 107 1922 30
216 1889 446 1923 M.CCXXX.
471 1908 512 1912 —
534 1889 704 1922 Dominus
725 1888 885 1933 Paganus
909 1889 952 1921 de
975 1888 1092 1921 Preda
1114 1889 1182 1922 fuit
1204 1894 1357 1931 potestas
1379 1889 1570 1922 Bononiae.

217 1942 463 1977 M.CCXXXI.
488 1962 530 1966 —
552 1943 720 1975 Dominus
743 1943 935 1975 Federicus
959 1942 1003 1975 de
1026 1942 1171 1975 Lavello
1194 1942 1317 1986 Longo
1341 1942 1408 1975 fuit
1429 1948 1581 1985 potestas
1604 1942 1792 1975 Bononiae.

219 1996 353 2030 Eodem
376 2006 477 2029 anno.
501 2014 543 2019 -—
574 1995 756 2029 Dominus'
779 1995 950 2040 Ugolinus
972 1995 1160 2028 Presbiteri
1183 1995 1251 2028 fuit
1273 2001 1427 2028 mortuus
1450 1995 1512 2028 sub
1536 1996 1637 2028 voltis
1659 1996 1785 2037 palacii
1810 1996 1974 2028 comunis.

218 2050 352 2082 Eodem
375 2059 477 2082 anno.
501 2067 543 2072 ——
566 2049 725 2082 Castrum
749 2048 963 2082 Crevalcorii
986 2048 1052 2080 fuit
1075 2048 1295 2081 aedificatum
1319 2054 1354 2080 et
1379 2054 1530 2091 emptum
1554 2054 1729 2081 terrenum
1754 2049 1839 2081 dicti
1863 2050 1975 2081 castri.

217 2103 352 2135 Eodem
375 2112 476 2135 anno,
501 2121 542 2125 —
566 2103 695 2135 Factae
719 2102 860 2134 fuerunt
882 2112 1027 2146 magnae
1051 2101 1284 2134 immunitates
1306 2101 1436 2134 artibus
1458 2101 1557 2134 lanae
1575 2108 1609 2134 et
1625 2102 1729 2134 sirici.

4 2148 17 2189 s
62 2154 127 2202 35⁴
215 2155 350 2195 Eodem
372 2165 474 2188 anno.
498 2173 540 2178 ——
563 2155 659 2188 Villa
689 2161 724 2188 et
754 2161 909 2188 contrata
938 2153 1059 2187 Altedi
1090 2160 1125 2187 et
1154 2153 1318 2186 Minervii
1350 2154 1417 2187 fuit
1454 2164 1621 2187 concessa
1650 2164 1694 2187 CL
1722 2154 1862 2187 familiis
1892 2154 1976 2187 lom-

108 2208 244 2242 ·bardis
266 2219 329 2251 per
345 2219 492 2242 comune
521 2207 698 2241 Bononiae
721 2218 785 2251 pro
800 2217 856 2240 ΜΜ
879 2207 975 2241 libris
997 2206 1259 2246 bononinorum‚
1285 2218 1373 2250 quae
1399 2213 1557 2240 contrata
1571 2208 1665 2250 prius
1689 2207 1868 2240 dicebatur
1891 2208 1975 2240 Val-

128 2262 171 2294 lis
194 2261 378 2295 Comitum.

215 2315 479 2348 M.CCXXXII.
503 2333 544 2338 --
568 2315 726 2348 Castrum
749 2314 946 2347 Franchum
968 2314 1168 2357 incoeptum
1192 2314 1258 2346 fuit
1281 2314 1409 2346 murari
1432 2320 1467 2347 et
1490 2314 1679 2347 fortificari.

217 2369 352 2401 Eodem
375 2378 476 2401 anno.
501 2387 542 2391 —
565 2368 733 2400 Dominus
754 2367 950 2412 Raynerius
972 2368 1068 2400 Zeno
1092 2368 1135 2400 de
1159 2367 1318 2401 Venetiis
1349 2367 1418 2400 fuit
1447 2373 1598 2410 potestas
1628 2368 1816 2401 Bononiae.

7 2447 15 2452 .
63 2422 106 2453 40
215 2421 348 2455 Eodem
371 2431 460 2454 anno
483 2421 734 2454 MCCXXXII.
760 2440 801 2444 —
823 2420 1000 2453 Mulinarii
1031 2427 1066 2454 et
1095 2421 1289 2453 vecturales
1319 2430 1438 2453 omnes
1468 2421 1610 2454 fuerunt
1632 2421 1788 2454 schovati
1814 2422 1886 2454 sive
1917 2422 1971 2454 fu-

127 2475 242 2518 stigati
257 2480 398 2517 propter
414 2484 530 2507 eorum
547 2474 637 2506 mala
660 2479 695 2506 et
717 2474 867 2507 robarias
890 2485 974 2517 quas
996 2473 1165 2507 fatiebant
1187 2474 1224 2506 in
1247 2474 1413 2506 Bononia.
1460 2474 1506 2506 Et
1528 2480 1612 2507 tunc
1636 2483 1755 2507 omnes
1779 2474 1974 2513 clamabant

127 2527 164 2559 in
186 2527 332 2570 populo:
355 2527 531 2559 Moriatur
552 2526 732 2570 Pasqualis
753 2526 951 2560 Landulfisl
976 2527 1057 2570 quia
1079 2533 1153 2560 erat
1175 2527 1357 2559 usurarius.

216 2580 351 2613 Eodem
374 2590 475 2613 anno.
498 2598 540 2603 —
565 2580 695 2613 Omnes
716 2580 795 2613 libri
818 2580 1056 2613 malefitiorum
1081 2580 1251 2613 combusti
1273 2580 1414 2612 fuerunt
1438 2586 1472 2612 et
1494 2580 1647 2613 lacerati.

7 2669 9 2671 ,
215 2634 349 2666 Eodem
373 2644 474 2672 anno,
492 2633 535 2666 de
560 2644 676 2666 mense
698 2633 784 2676 julii.
808 2652 850 2656 -
872 2633 950 2666 Duo
973 2633 1133 2676 planetae
1156 2633 1193 2665 in
1209 2633 1308 2666 coelo
1324 2633 1423 2665 simul
1440 2644 1476 2665 se
1491 2632 1686 2676 junxerunt.
1732 2634 1778 2666 Et
1794 2634 1838 2666 de
1855 2644 1971 2666 mense

8 2681 16 2707 ’ἶ
61 2685 102 2719 45
125 2687 261 2731 augusti
283 2687 459 2730 sequentis
474 2687 626 2719 maxima„
637 2692 672 2719 et
694 2687 938 2719 inextimabilis
961 2687 1133 2730 quantitas
1154 2687 1330 2730 grillorum
1355 2687 1563 2746 supervenit,
1588 2687 1646 2730 qui
1670 2687 1851 2719 maximum
1877 2687 1972 2719 dam-

127 2750 209 2772 num
232 2739 394 2772 fecerunt
415 2740 451 2771 in
475 2739 639 2772 comitatu
661 2739 838 2772 Bononiae
862 2745 897 2772 et
919 2740 1067 2772 maxime
1090 2739 1127 2771 in
1150 2739 1284 2772 faxolis.

215 2792 487 2826 MCCXXXIII
511 2811 553 2816 —
575 2792 743 2826 Dominus
760 2793 917 2827 Ubertus
940 2793 1148 2827 Vieecomes
1171 2793 1215 2825 de
1242 2792 1443 2826 Mediolano
1462 2793 1532 2826 fuit
1554 2799 1705 2836 potestas
1727 2793 1914 2826 Bononiae.

215 2949 249 2976 44
266 2942 344 2975 Dopo
361 2943 444 2968 simul
462 2943 510 2970 l’a.
528 2951 616 2969 aveva
634 2944 787 2970 cominciato
804 2951 822 2968 a
838 2943 955 2968 scrivere
972 2950 1009 2976 ap
1028 2942 1070 2967 che
1082 2942 1133 2975 poi
1149 2942 1183 2968 ha
1202 2942 1350 2968 cancellato

2080 2012 2130 2033 un„
2146 2006 2182 2027 111
