2242 3418
35 431 111 454 Mun„
127 432 165 450 232

62 1598 81 1614 c.
97 1597 138 1616 192
152 1598 165 1612 a

63 1969 82 1984 e.
97 1968 138 1988 192
153 1964 165 1984 b

30 2333 107 2358 Mun.¹
124 2333 164 2355 2³³

55 2551 75 2565 c.
89 2549 134 2570 19³
148 2552 162 2565 a

249 184 321 221 110
784 179 1068 218 MATTHAEI
1096 180 1167 214 DE
1196 177 1542 214 GRIFFONIBUS
1786 184 2085 221 [AA.1425-1428]

241 315 431 348 Mediolani
456 314 598 347 donavit
621 312 760 345 domino
777 322 887 354 papae
905 311 1080 344 civitatem
1098 310 1224 342 Imolae
1239 315 1273 341 et
1289 309 1434 341 Forlivii
1451 314 1485 341 et
1502 319 1618 341 omnes
1634 310 1720 342 alias
1737 316 1854 349 terras,
1871 322 1956 355 quas
1972 313 2086 345 dictus

241 369 398 401 dominus
416 368 485 400 dux
500 371 681 407 acceperat
696 366 739 397 de
751 364 908 397 manibus
921 363 1197 397 Florentinorum
1215 362 1251 394 in
1268 363 1434 394 comitatu
1450 362 1594 394 Imolae:
1609 363 1652 395 de
1665 373 1733 405 quo
1745 364 1876 396 factum
1893 365 1960 397 fuit
1977 366 2085 397 maxi-

241 433 332 453 mum
355 420 518 463 gaudium
543 419 579 451 in
602 418 773 451 Bononia'
796 429 859 460 per
882 428 998 450 omnes
1021 417 1115 449 cives
1139 421 1173 447 et
1196 415 1283 448 facti
1315 416 1454 447 fuerunt
1477 415 1594 458 magni
1619 415 1704 447 fallo
1727 422 1762 448 et
1785 422 1952 450 steterunt
1976 418 2085 451 tribus

241 474 361 506 diebus
385 474 519 505 clausae
544 482 660 508 omnes
684 472 847 503 stationes
871 471 1041 502 artificum
1067 475 1209 511 propter
1232 468 1397 511 gaudium
1422 474 1455 500 et
1479 468 1657 506 laetitiam,
1675 479 1763 511 quae
1779 470 1847 501 fuit
1863 470 1900 502 in
1915 471 2084 509 Bononia,

240 532 380 568 propter
401 525 696 567 recuperationem
713 525 865 557 omnium
884 524 1053 556 dictarum
1070 528 1248 554 terrarum.
1295 521 1340 553 Et
1357 521 1415 553 die
1431 521 1598 563 sequenti,
1615 521 1780 554 videlicet
1796 522 1854 555 die
1868 524 1987 555 martis
2003 534 2085 565 κω]
2131 523 2150 556 5

239 579 333 622 maji,
358 579 471 611 dictus
495 577 653 610 dominus
677 578 807 620 legatus
830 577 894 609 ivit
918 576 1019 608 valde
1043 575 1192 607 sociatus
1214 585 1235 606 a
1260 574 1497 616 stipendiariis
1520 574 1590 606 suis
1613 579 1647 605 et
1670 585 1691 605 a
1713 575 1829 607 multis
1859 576 1994 608 civibus
2025 576 2086 609 bo-

240 631 471 670 noniensibus,
495 631 541 663 ad
564 630 806 672 accipiendum
831 635 983 662 tenutam
1008 629 1179 660 dictarum
1197 627 1378 659 civitatum
1395 632 1429 659 et
1453 633 1653 659 castrorum.
1700 627 1804 659 Cives
1819 628 2008 667 Bononiae,
2025 630 2085 672 qui

240 685 375 716 iverunt
398 694 476 716 cum
501 683 596 716 dicto
621 683 761 715 domino
785 683 910 725 legato,
935 682 1075 713 suerunt
1099 680 1329 722 infrascripti,
1354 679 1537 711 videlicet:
1555 680 1715 712 dominus
1738 680 1854 713 Guido
1878 682 1921 713 de
1937 681 2085 724 Pepolis‚

240 737 397 769 dominus
431 737 688 769 Bartolomaeus
724 736 767 767 de
801 734 960 778 Maedis,
997 734 1156 766 dominus
1189 733 1332 765 Marcus
1367 733 1411 765 de
1445 732 1619 771 Canitu10‚
1659 733 1818 765 dominus
1851 733 2087 767 Christoforus

239 794 425 831 captaneus
457 790 500 821 de
530 789 653 822 Castro
676 788 787 820 sancti
812 788 917 825 Petri,
943 787 1101 819 dominus
1124 786 1307 818 Florianus
1331 786 1374 818 de
1399 785 1528 818 Sancto
1559 785 1672 823 Petro,
1705 786 1864 818 dominus
1894 787 2015 819 Petrus
2043 788 2085 820 de
2113 789 2151 820 10

239 842 489 884 Ramponibus,
515 842 674 874 dominus
698 841 864 873 Nicolaus
889 841 931 872 de
954 839 1115 878 Ariostis‚
1141 839 1356 872 Castellanus
1374 839 1417 870 de
1434 838 1636 882 GocadiniS,
1660 838 1789 870 Tomas
1812 840 1855 871 de
1879 839 2086 879 Gffisileriis,

237 894 412 936 Johannes
436 895 479 927 de
503 893 732 932 Griffofflbus,
756 893 939 925 Florianus
963 893 1006 925 de
1030 891 1261 930 Gru-sonibus,
1285 891 1460 923 Robertus
1484 891 1527 923 de
1550 891 1791 935 Formaglinis,
1808 891 1929 924 Petrus
1952 893 1995 925 de
2018 893 2086 925 Bo-

238 947 398 990 logninis,
415 948 535 979 Petrus
560 947 603 979 de
627 946 814 983 Guidottis‚
831 946 972 989 Eganus
996 945 1040 978 de
1061 945 1306 983 Lambertinis‚
1325 945 1484 977 dominus
1500 944 1675 976 Romaeus
1692 945 1735 976 de
1750 945 1973 984 Foscarariis,
1989 946 2085 978 Bati-

237 1006 289 1032 sta
313 1001 356 1032 de
379 1000 551 1038 Canitulo,
577 1000 693 1032 Guido
728 998 902 1031 Antonius
936 999 979 1037 de
1010 997 1254 1037 Lambertinis,
1289 998 1452 1030 Tadaeus
1488 997 1620 1029 domini
1658 997 1830 1030 Guidonis
1862 999 1905 1030 de
1936 998 2085 1041 PepoIis,

237 1053 404 1085 Nicolaus
428 1054 471 1086 de
494 1053 662 1096 Loglano.
2113 1052 2150 1085 15

326 1106 459 1138 Eodem
482 1116 584 1144 anno,
609 1106 665 1138 die
689 1115 764 1137 xxv
788 1105 874 1138 dicti
897 1105 1024 1137 mensis
1046 1104 1141 1148 maji.
1166 1123 1207 1126 —
1231 1103 1412 1136 Praefatus
1437 1103 1597 1136 dominus
1621 1104 1752 1148 legatus
1768 1114 1846 1136 cum
1863 1110 1935 1137 tota
1950 1116 2011 1138 sua
2026 1116 2086 1138 co-

237 1159 358 1191 mitiva
380 1159 509 1191 civium
533 1169 686 1191 reversus
709 1159 777 1191 fuit
799 1159 992 1191 Bononiam
1016 1168 1094 1190 cum
1118 1167 1243 1200 magna
1266 1157 1415 1189 victoria
1430 1162 1573 1198 propter
1595 1157 1891 1199 recuperationem
1915 1158 2085 1191 dictarum

237 1212 417 1244 civitatum
433 1218 466 1244 et
482 1217 681 1250 castrorum,
698 1217 733 1244 et
748 1222 865 1244 omnes
882 1211 1063 1244 societates
1080 1211 1216 1243 iverunt
1233 1209 1300 1242 sibi
1318 1209 1456 1242 obviam
1473 1220 1552 1242 cum
1569 1209 1779 1242 baldachino
1795 1216 1830 1243 et
1846 1221 1924 1243 cum
1936 1212 2086 1244 maximo

237 1265 366 1307 gaudio
389 1270 423 1297 et
445 1266 534 1297 festo
557 1270 592 1297 et
614 1265 701 1297 fecit
724 1265 882 1297 relassari
907 1274 1024 1296 omnes
1047 1269 1242 1295 carceratos
1266 1263 1309 1295 de
1332 1263 1540 1295 carceribus.

325 1317 392 1350 Die
414 1327 496 1350 vero
519 1327 623 1359 xxvlj
648 1317 734 1350 dicti
758 1317 884 1350 mensis
900 1317 993 1360 maji.
1011 1336 1051 1339 —
1070 1317 1252 1349 Venerunt
1267 1316 1325 1348 hic
1342 1325 1442 1355 nova,
1460 1317 1554 1359 quod
1578 1317 1738 1349 dominus
1754 1322 1870 1349 noster
1884 1328 1975 1360 papa
1990 1318 2085 1350 Mar·
2101 1319 2144 1351 20

238 1371 331 1411 tinus
353 1371 484 1403 fecerat
500 1380 525 1402 x
541 1371 744 1409 cardinales,
761 1371 926 1403 videlicet
943 1370 1074 1402 dictum
1092 1369 1269 1402 dominum
1285 1375 1448 1407 nostrum,
1474 1369 1650 1401 dominum
1666 1369 1883 1402 Ludovicum
1906 1370 2084 1415 Legatum,

238 1430 272 1456 et
288 1434 411 1456 novem
433 1424 530 1462 alios,
554 1434 698 1467 quorum
714 1423 855 1455 nomina
871 1429 949 1455 sunt
964 1423 1062 1461 haec,
1079 1422 1259 1455 videlicet:
1277 1423 1453 1464 praefatus
1471 1422 1630 1455 dominus
1646 1429 1762 1454 noster
1777 1423 1909 1466 legatus
1926 1423 2085 1456 dominus

238 1477 448 1515 Ludovicus‚
477 1477 635 1509 dominus
658 1476 825 1509 Nicolaus
849 1477 892 1508 de
915 1475 1113 1518 Albergatis
1138 1476 1181 1508 de
1203 1475 1362 1507 Bononia
1385 1480 1501 1507 noster
1523 1475 1707 1518 episcopus
1731 1476 1953 1520 dignissimus
1977 1476 2085 1509 bono-

239 1530 378 1568 niensis,
397 1530 555 1562 dominus
570 1528 744 1562 Antonius
758 1529 941 1571 episcopus
957 1534 991 1561 et
1008 1528 1096 1561 civis
1112 1528 1274 1560 senensis.

328 1582 462 1615 Eodem
484 1592 577 1614 anno
605 1582 699 1621 1426,
724 1582 767 1614 de
795 1582 890 1614 dicto
921 1591 1036 1613 mense
1067 1581 1161 1624 maji.
1186 1599 1228 1603 —-
1251 1582 1396 1614 Factum
1427 1581 1496 1613 fuit
1528 1581 1717 1623 capitulum
1747 1583 1907 1626 generale
1938 1583 2084 1616 fratrum
2107 1582 2148 1616 25

237 1635 520 1669 Praedicatorum
542 1635 580 1667 in
604 1634 734 1668 Sancto
749 1634 934 1667 Dominico
958 1634 995 1666 in
1018 1634 1186 1673 Bononia,
1203 1633 1263 1667 ubi
1280 1640 1447 1667 venerunt
1463 1634 1552 1667 ultra
1568 1641 1766 1668 sexcentum
1789 1636 1914 1668 fratres
1937 1642 1971 1668 et
1991 1637 2084 1669 fece-

239 1694 319 1721 runt
340 1698 438 1721 suum
460 1688 654 1732 generalem
677 1687 784 1720 totius
798 1687 952 1720 Ordinis.

325 1795 457 1827 Eodem
486 1805 583 1836 anno,
614 1794 669 1826 die
700 1794 801 1826 tertio
831 1793 950 1826 mensis
970 1794 1067 1837 julii.
1093 1812 1134 1816 —
1161 1793 1255 1826 Obiit
1267 1793 1519 1838 famosissimus
1549 1795 1605 1827 vir
1636 1806 1676 1827 ac
1707 1795 1911 1838 eloquentiae
1940 1796 2083 1840 peritus,

237 1848 418 1880 Mathaeus
439 1848 480 1879 de
504 1847 708 1890 Grffmibus
729 1847 766 1879 in
780 1847 908 1879 laribus
923 1847 1082 1879 Palladis
1097 1847 1282 1888 enutritus;
1297 1851 1331 1878 et
1343 1847 1493 1890 sepultus
1498 1846 1580 1891 fuit
1602 1848 1650 1880 ad
1668 1846 1828 1880 Sanctum
1851 1848 2084 1891 Franciscum,

236 1900 526 1944 superextantibus
536 1900 635 1943 filiis,
658 1899 830 1932 videlicet:
853 1899 1046 1942 Florianus,
1070 1900 1222 1940 Luixius,
1245 1898 1429 1942 Jolzannes,
1453 1900 1681 1932 Franci-sellus
1703 1905 1736 1932 et
1757 1901 1979 1935 Ludoviclzus.
2107 1903 2149 1935 30

329 1951 546 1986 M.CCCCX
540 1952 586 1985 X
589 1952 692 1994 VIII,
709 1953 764 1985 die
779 1953 886 1994 lunae,
902 1953 1043 1984 secundo
1059 1953 1179 1984 mensis
1202 1953 1356 1995 augusti.
1374 1970 1416 1975 -—
1434 1953 1498 1985 Illi
1518 1954 1559 1985 de
1582 1954 1843 1996 Zambecharz'is,
1862 1955 1903 1986 de
1919 1954 2083 1997 Canitulo,

238 2007 280 2039 de
303 2006 507 2050 Griffvnibus
528 2010 563 2038 et
583 2006 625 2037 de
649 2005 850 2038 Ghtbcilerits
872 2010 907 2037 et
928 2005 1029 2037 multi
1041 2005 1106 2037 alii
1119 2005 1160 2037 de
1176 2006 1325 2037 domibus
1342 2005 1433 2037 bonis
1455 2006 1605 2038 civitatis
1627 2006 1808 2048 Bononiae,
1833 2007 1982 2039 videntes
1997 2009 2087 2051 quod

237 2063 304 2102 per
325 2059 500 2102 regimina
529 2058 702 2091 Ecclesiae
731 2059 768 2090 in
798 2058 936 2090 civitate
956 2059 1139 2102 praedicta
1169 2070 1234 2090 non
1264 2059 1343 2090 bene
1372 2059 1606 2091 trattabantur
1629 2063 1717 2091 totus
1743 2060 1897 2103 populus,
1922 2061 2030 2094 adhuc
2052 2066 2087 2094 et

238 2113 385 2152 videntes
408 2113 498 2155 quod
517 2112 638 2144 civitas
659 2111 831 2143 Bononiae
853 2115 931 2144 erat
952 2112 1127 2143 dextrutta
1147 2115 1297 2155 propter
1319 2112 1475 2144 rabarias
1497 2116 1531 2143 et
1552 2113 1761 2155 extorsiones,
1779 2124 1862 2155 quas
1884 2114 2005 2152 cotidie
2018 2113 2084 2158 fa-

238 2166 375 2208 ciebant,
399 2166 483 2198 moti
502 2165 728 2208 compassione
750 2165 806 2197 sui
825 2169 859 2196 et
882 2165 982 2197 totius
997 2165 1155 2207 civitatis,
1173 2169 1353 2197 traxerunt
1366 2166 1414 2196 ad
1425 2165 1577 2209 plateam
1592 2170 1729 2198 armata
1751 2177 1852 2198 manu
1868 2177 1941 2199 cum
1956 2168 2084 2211 populo
2107 2167 2148 2200 35

239 2222 272 2250 et
283 2218 442 2261 finaliter
464 2218 665 2261 expulerunt
685 2218 874 2250 Ecclesiam
896 2218 1111 2261 praedictam
1134 2218 1176 2249 de
1197 2217 1367 2250 Bononia:
1384 2219 1426 2250 de
1442 2229 1509 2260 qua
1525 2219 1717 2261 expulsione
1740 2223 1827 2251 totus
1848 2220 1996 2264 populus
2018 2220 2083 2252 col-

239 2271 400 2306 laudabat
419 2271 531 2304 Deum
554 2275 587 2303 et
608 2271 704 2313 cives,
721 2271 783 2314 qui
796 2271 857 2303 hoc
865 2270 1038 2314 fecerunt,
1055 2271 1236 2304 cridando:
1254 2289 1295 2294 —
1319 2271 1404 2304 Viva
1426 2271 1459 2303 el
1478 2272 1599 2315 povolo
1615 2283 1633 2303 e
1648 2272 1678 2303 le
1693 2273 1783 2304 arti!
1798 2291 1839 2295 —
1857 2272 1909 2304 Et
1925 2273 2086 2316 fecerunt

240 2335 355 2356 novem
378 2325 518 2366 antiam‘,
541 2324 713 2356 videlicet:
736 2325 887 2356 dominus
909 2324 1074 2356 Marcbus
1097 2325 1138 2356 de
1161 2323 1316 2356 Canitulo
1339 2323 1525 2368 vexilli-'fer'
1537 2325 1707 2367 justitiae,
1731 2326 1881 2357 dominus
1902 2325 2084 2358 Bartholo-

238 2388 351 2409 maeus
372 2377 413 2409 de
437 2376 640 2420 Campegio‚
668 2376 703 2409 T
701 2388 793 2409 omas
824 2377 865 2409 de
889 2377 1098 2420 Ghzm‘leriis,
1129 2375 1306 2418 Johannes
1337 2378 1378 2409 de
1409 2377 1588 2419 Malviffiis,
1621 2378 1749 2410 Petrus
1780 2379 1820 2410 de
1851 2379 2082 2421 Mezovilanis,

239 2430 404 2463 M‘colaus
425 2430 467 2462 de
488 2429 748 2472 Zambecharizk‚
772 2430 955 2462 Mathaeus
985 2431 1180 2473 merearius,
1207 2429 1400 2463 Castelanus
1422 2431 1463 2462 de
1489 2431 1670 2463 Gozadinis
1693 2435 1727 2463 et
1748 2431 1913 2464 Nicolaus
1939 2431 1980 2464 de
2002 2432 2082 2464 Ma-
2106 2434 2148 2465 40

239 2482 317 2529 colis
339 2487 516 2515 mercator.
1613 2509 1619 2514 .

327 2534 591 2568 MCCCCXX
593 2536 695 2579 VIII,
719 2537 842 2570 diem.
872 2536 966 2570 Dum
997 2537 1220 2569 Bononienses
1249 2537 1453 2581 expulissent
1474 2537 1663 2569 Ecclesiam
1690 2538 1731 2569 de
1753 2538 1891 2570 civitate
1911 2538 2085 2571 Bononiae

239 2592 272 2620 et
294 2588 458 2622 Nicolaus
480 2589 522 2621 de
548 2588 583 2621 T
580 2589 722 2622 olentino
744 2592 811 2633 per
834 2590 1015 2622 transitum
1038 2601 1112 2622 cum
1135 2590 1294 2622 comitiva
1316 2601 1377 2622 sua
1400 2590 1480 2622 bene
1502 2591 1538 2622 in
1559 2601 1697 2623 numero
1713 2591 1804 2622 mille
1819 2591 2082 2634 quingentorum

238 2652 396 2684 equorum
419 2646 501 2674 esset
521 2645 625 2686 super
647 2643 736 2675 dicto
758 2644 919 2688 comitatu
940 2654 1056 2675 versus
1082 2643 1287 2676 mdicinam
1309 2647 1344 2675 et
1364 2643 1482 2675 videns
1512 2644 1638 2675 dictam
1660 2644 1831 2675 civitatem
1853 2643 2026 2676 Bononiae
2047 2645 2083 2677 in

239 2694 443 2736 exterminio,
474 2695 603 2738 incepit
623 2693 748 2738 facere
778 2693 900 2742 multas
929 2696 1085 2728 rabarias
1114 2697 1326 2738 comitatim's,
1351 2707 1409 2728 nec
1431 2696 1610 2728 videbatur
1639 2697 1750 2740 ipsum
1781 2697 1863 2729 velle
1886 2697 2040 2729 recedere
2062 2709 2083 2729 a
2106 2697 2147 2730 45

239 2747 328 2779 dicto
349 2748 509 2780 comitatu
529 2747 710 2782 Bononiae.
761 2747 796 2782 Τ
793 2759 856 2781 unc
879 2747 1013 2782 antiani
1032 2749 1178 2781 comunis
1200 2753 1234 2781 et
1254 2749 1402 2792 populus
1422 2748 1595 2781 Bononiae
1617 2750 1780 2782 miserunt
1800 2752 1866 2793 per
1887 2749 2026 2782 nobilem
2042 2761 2082 2782 ac

327 2875 401 2909 28-p.
422 2883 481 2908 111,
499 2877 518 2902 1.
537 2884 554 2910 ⁹
572 2877 728 2904 Eodem....
747 2877 923 2911 amariorum]
941 2879 1088 2912 Aggiunta
1105 2878 1262 2912 posteriore
1281 2878 1381 2904 d'altra
1400 2886 1485 2904 mano
1506 2893 1539 2898 ——
1561 2885 1593 2911 4²
1613 2879 1626 2903 Ι
1644 2878 1761 2912 puntini
1779 2880 2002 2912 rappresentano
2020 2886 2078 2904 una.

238 2917 338 2944 lacuna
357 2918 527 2952 dell’autogr.
