2196 3424
91 348 182 370 autb

43 2080 120 2106 lium,
137 2081 174 2102 15⁵

85 2114 104 2130 c.
118 2108 147 2128 82
162 2108 174 2128 ἃ

265 154 312 189 46
803 153 1087 190 MATTHAEI
1116 155 1186 190 DE
1215 153 1560 190 GRIFFONIBUS
1947 163 2000 199 [Α.
2018 166 2102 200 1335]

343 286 474 319 Eodem
498 295 590 318 anno
610 283 702 317 1335.
730 304 771 309 --
789 285 885 319 Obiit
902 286 1060 319 dominus
1076 285 1226 329 Jacobus
1242 286 1286 318 de
1301 285 1446 318 Belvixo
1463 286 1507 318 de
1522 285 1688 324 Bononia,
1707 287 1829 320 doctor
1845 289 2099 330 famosissimus,

258 345 292 371 et
316 339 454 371 domina
476 338 613 377 Misina,
637 338 721 370 filia'
748 350 819 378 sua,
843 349 931 372 uxor
953 339 1105 372 Mathaei
1130 338 1289 381 specialis
1313 339 1356 370 de
1381 338 1610 377 Griffonibus,
1631 345 1774 382 propter
1796 342 1979 375 maximum
2004 344 2100 376 dolo-

255 402 326 424 rem
362 392 489 425 cecidit
524 393 733 425 trasmortita
763 399 797 425 et
830 398 904 425 erat
937 403 1131 436 praegnans
1164 397 1199 424 et
1233 391 1318 424 fecit
1349 391 1507 424 abortum
1538 397 1572 423 et
1601 392 1668 425 fuit
1698 393 1734 424 in
1770 395 1915 428 maximo
1947 397 2101 438 periculo

256 446 383 477 mortis.
431 446 476 477 Et
500 446 613 478 dictus
638 446 795 478 dominus
816 446 967 489 Jacobus
998 445 1151 487 sepultus
1181 444 1248 477 fuit
1275 445 1321 477 ad
1353 444 1519 477 Sanctum
1552 444 1765 487 Stephanum
1794 453 1874 480 ante
1905 449 2100 491 sepulcrum

256 498 394 530 Domini
411 499 519 530 nostri
543 499 622 541 Jesu
646 498 784 538 Christi,
807 499 866 532 ubi
889 504 940 531 est
963 499 1071 531 archa
1094 509 1163 531 sua.
1210 499 1257 530 Et
1279 498 1498 536 Franciscus,
1515 498 1603 530 filius
1620 498 1704 541 dicti
1721 499 1850 532 domini
1865 501 1999 543 jacobi,
2016 502 2102 535 fecit
2147 501 2165 534 5

256 551 320 583 sibi
343 551 416 583 fieri
439 562 599 594 magnum
622 552 787 584 honorem
810 558 844 584 et
867 552 980 584 induit
1004 562 1039 584 se
1063 552 1106 584 de
1129 551 1229 594 nigro
1252 556 1286 583 et
1310 551 1465 583 similiter
1480 550 1578 583 indui
1594 551 1679 583 fecit
1695 552 1764 584 suis
1786 554 1945 594 expensis
1959 560 2102 597 nepotes

253 605 358 646 ipsius
382 605 514 636 domini
536 604 670 647 Jacobi,
694 605 856 638 videlicet
881 605 1083 638 Guidutium
1106 610 1141 637 et
1163 604 1342 642 Melinum,
1367 604 1455 636 filios
1486 604 1602 636 dictae
1634 605 1793 637 dominae
1823 606 1981 646 Misinae,
2013 608 2102 640 filiae

256 658 341 689 dicti
365 657 496 690 domini
517 658 652 701 Jacobi,
675 664 710 691 et
732 658 857 691 multos
880 658 966 690 alios
988 657 1104 690 affines
1126 663 1161 690 et
1183 657 1330 689 famulos
1337 669 1347 695 ;
1371 662 1405 689 et
1428 658 1568 689 fuerunt
1591 658 1637 690 ad
1660 658 1784 690 funera
1806 659 1904 701 quasi
1918 665 2010 692 totus
2033 662 2103 695 cle-

255 722 312 743 rus
334 710 554 743 bononiensis
577 717 611 743 et
631 717 783 753 potestas
811 717 846 744 et
877 711 1078 753 capitaneus
1107 711 1227 753 populi
1250 715 1284 742 et
1306 710 1422 742 omnia
1444 710 1515 742 alia
1537 710 1705 754 regimina
1736 711 1886 744 civitatis
1915 712 2102 753 Bononiae,

254 774 295 796 eo
318 764 399 806 quia
421 770 494 796 erat
517 764 619 796 homo
642 764 744 796 valde
768 764 914 796 dilectus
937 764 981 796 ab
1005 763 1172 796 omnibus.
1220 764 1267 796 Et
1297 763 1380 796 licet
1410 763 1461 795 illi
1493 764 1536 795 de
1566 763 1730 797 Belvixiis
1759 770 1871 797 essent
1902 760 2104 799 naturaliter
2129 768 2168 800 10

254 816 453 855 Ghibellini,
477 823 591 849 tamen
616 816 688 859 ipse
712 817 869 849 dominus
892 816 1043 860 Jacobus
1066 818 1239 861 juraverat
1262 822 1393 859 partem
1417 816 1570 860 guelfam
1587 822 1621 849 et
1637 817 1687 850 sic
1711 823 1877 860 perpetuo
1893 819 2003 852 tenuit
2024 830 2103 862 par-

254 875 323 902 tem
345 870 497 913 guelfam
522 875 594 903 toto
618 876 770 913 tempore
792 871 884 903 vitae
907 881 998 903 suae.

342 923 474 956 Eodem
496 933 599 962 anno,
622 924 659 955 in
683 924 739 956 die
762 923 957 966 Epifaniae.
976 942 1018 947 ——-
1035 924 1144 956 Facta
1168 924 1308 955 fuerunt
1330 932 1456 967 magna
1471 923 1633 956 astiludia
1655 934 1717 966 per
1740 929 1953 967 potestatem,
1971 926 2104 969 capita-

254 985 355 1008 neum
378 986 420 1009 ac
436 976 539 1009 etiam
563 977 781 1019 capitaneum
804 987 959 1020 guerrae,
984 977 1168 1009 occasione
1191 977 1370 1009 electionis
1392 987 1504 1019 papae
1525 976 1716 1010 Benedicti.

341 1030 472 1062 Eodem
495 1039 586 1063 anno
606 1028 699 1062 1335.
725 1048 766 1052 -
791 1029 906 1062 Rubei
930 1030 974 1062 de
989 1029 1114 1062 Parma
1131 1030 1301 1062 dederunt
1316 1029 1476 1062 Parmam
1498 1035 1533 1062 et
1555 1030 1688 1063 Lucam
1718 1031 1871 1064 Mastino
1901 1037 1936 1065 et
1958 1031 2104 1066 Alberto
2130 1031 2167 1065 15

255 1083 298 1115 de
321 1082 426 1116 Scala
448 1093 491 1116 ac
514 1084 618 1116 etiam
634 1083 799 1127 Regium;
823 1084 885 1116 sed
906 1083 974 1125 ipsi
998 1083 1168 1115 dederunt
1190 1088 1310 1125 postea
1326 1083 1476 1127 Regium
1492 1082 1560 1115 illis
1577 1083 1620 1115 de
1637 1084 1814 1128 Goncaga.

340 1136 475 1169 Eodem
497 1146 599 1175 anno,
624 1136 680 1169 die
702 1146 752 1168 xv
775 1136 897 1168 martii.
923 1155 965 1160 —
989 1136 1069 1168 Fuit
1093 1137 1372 1179 praeconisatum
1396 1136 1442 1168 ad
1465 1135 1718 1179 arengheriam'
1747 1138 1900 1170 comunis
1929 1138 2105 1172 Bononiae

253 1190 347 1232 quod
369 1199 487 1222 omnes
509 1190 560 1222 illi
584 1190 627 1222 de
650 1188 855 1228 Becadellis,
879 1189 938 1232 qui
961 1194 1199 1221 remanserant
1229 1189 1417 1227 Bononiae,
1449 1188 1598 1221 debeant
1629 1190 1858 1223 incontinenti
1880 1191 1929 1223 ire
1951 1192 1998 1224 ad
2021 1201 2104 1224 con-

252 1243 336 1275 fines
358 1243 405 1275 ad
429 1243 604 1276 civitatem
626 1241 775 1275 Arimini
799 1242 861 1274 sub
884 1251 996 1284 poena
1019 1242 1131 1274 averis
1155 1247 1190 1274 et
1212 1252 1390 1284 personae,
1415 1242 1510 1274 salvo
1534 1243 1628 1285 quod
1652 1243 1720 1275 duo
1743 1253 1786 1275 ex
1807 1243 1891 1286 ipsis
1921 1245 1965 1277 de
1994 1244 2104 1278 Beca-

253 1296 362 1335 dellis,
386 1295 509 1338 quibus
531 1297 628 1329 facta
650 1296 718 1328 fuit
740 1295 851 1339 gratia
874 1295 990 1328 standi
1012 1295 1048 1327 in
1074 1296 1241 1327 comitatu
1263 1295 1300 1326 in
1324 1305 1413 1333 rure,
1437 1295 1615 1333 videlicet;
1645 1294 1794 1328 Collatio
1825 1297 1868 1329 de
1899 1297 2103 1336 Becadellis,
2127 1298 2170 1331 20

252 1349 346 1391 quod
368 1354 473 1381 staret
495 1349 542 1381 ad
564 1348 828 1387 Richardinam,
851 1354 886 1381 et
909 1347 1108 1380 Santolinus
1133 1348 1176 1380 de
1199 1348 1397 1380 Becadellis
1420 1348 1466 1380 ad
1489 1348 1728 1392 Viadagolam.
1775 1349 1822 1382 Et
1844 1350 1925 1392 quia
1947 1360 2035 1382 unus
2061 1351 2105 1383 de

251 1402 455 1441 Becadellis,
480 1402 539 1444 qui
562 1402 752 1435 vocabatur
775 1401 947 1439 Chechus‚
972 1401 1111 1433 tenebat
1135 1401 1305 1443 hospitale
1328 1401 1442 1434 sancti
1474 1400 1652 1443 Stephani,
1677 1407 1760 1434 tunc
1783 1402 1906 1441 subito,
1931 1413 2010 1436 cum
2038 1403 2105 1446 ipsi

253 1455 297 1487 de
319 1455 515 1488 Becadellis
537 1455 677 1487 fuerunt
701 1454 874 1493 confinati,
898 1454 1093 1486 Fulcirolus
1126 1454 1169 1486 de
1203 1453 1391 1497 Gocadinis
1414 1454 1557 1486 intravit
1581 1454 1625 1486 de
1651 1455 1747 1487 facto
1776 1455 1907 1488 dictum
1937 1456 2106 1499 hospitale

251 1514 286 1541 et
308 1508 505 1550 occupabat
528 1508 698 1551 hospitale
720 1513 755 1540 et
777 1507 868 1540 bona
891 1518 962 1540 sua.
1009 1508 1055 1540 Et
1078 1507 1220 1550 quidam
1244 1507 1332 1539 filius
1355 1507 1541 1540 bastardus
1572 1508 1704 1540 domini
1733 1507 1854 1540 Bornii
1885 1509 1928 1541 de
1955 1509 2105 1542 Samari-

251 1562 340 1594 tanis
363 1561 481 1594 militis
503 1561 606 1594 etiam
629 1560 814 1603 occupavit
838 1566 949 1593 certas
972 1560 1203 1603 possessiones
1234 1560 1320 1592 dicti
1344 1559 1536 1602 hospitalis.
1582 1560 1629 1592 Et
1660 1571 1738 1593 cum
1769 1561 1821 1593 illi
1845 1562 1888 1594 de
1919 1562 2105 1596 Gozadinis
2127 1562 2168 1596 25

251 1621 473 1647 accesserunt
501 1614 547 1647 ad
577 1614 664 1653 illas,
695 1614 899 1646 invenerunt
926 1613 975 1646 ibi
1006 1613 1165 1646 cimerios
1188 1612 1324 1645 illorum
1355 1609 1413 1645 dev
1430 1612 1655 1646 Samaritanis
1686 1619 1720 1646 et
1750 1614 1842 1656 ipsos
1869 1615 2049 1648 abolemnt
2070 1622 2106 1649 et

251 1673 439 1709 posuerunt
460 1677 539 1700 suos
563 1667 704 1709 clipeos.
750 1667 884 1699 Tamen
907 1666 1075 1709 hospitale
1106 1666 1269 1698 remansit
1299 1666 1349 1698 illi
1373 1667 1417 1698 de
1441 1665 1676 1707 Samaritanis,
1701 1667 1760 1709 qui
1782 1667 1923 1700 abstulit
1952 1675 2104 1711 postmo-

252 1721 333 1752 dum
359 1721 489 1763 clipeos
512 1721 555 1753 de
579 1719 785 1764 Gocadinis3
801 1725 835 1752 et
850 1720 895 1752 ob
918 1720 986 1752 hoc
1009 1719 1076 1752 fuit
1099 1730 1224 1763 magna
1241 1719 1417 1752 discordia
1440 1719 1530 1751 inter
1555 1719 1751 1763 Gocadinos
1766 1726 1801 1753 et
1816 1721 1912 1753 illum
1929 1722 2105 1755 dominum

251 1773 416 1806 Bomium
439 1774 483 1806 de
507 1773 731 1806 Samaritanis
753 1779 788 1806 et
809 1773 886 1806 illos
910 1773 954 1805 de
978 1773 1179 1811 Ghisileriis‚
1203 1772 1262 1815 qui
1285 1772 1449 1805 tenebant
1473 1782 1551 1804 cum
1577 1773 1673 1805 dicto
1698 1773 1839 1806 domino
1854 1774 1993 1808 Bornio.
2034 1773 2105 1808 Sed

250 1828 345 1860 sacta
368 1827 436 1859 fuit
460 1827 649 1860 concordia
671 1827 760 1859 inter
782 1827 875 1869 ipsos
898 1832 933 1859 et
956 1836 1073 1859 omnes
1096 1831 1333 1858 remanserunt
1355 1825 1469 1858 amici.
2127 1830 2170 1862 30

339 1880 474 1913 Eodem
498 1889 600 1918 anno,
626 1879 683 1912 die
706 1889 783 1911 xxx
807 1880 893 1912 dicti
915 1879 1049 1911 mensis.
1079 1897 1120 1902 --
1144 1877 1411 1912 Ambaxiatores
1445 1879 1601 1911 comunis
1633 1879 1810 1912 Bononiae
1839 1880 1932 1913 missi
1963 1881 2105 1914 fuerunt

251 1933 380 1966 curiam
404 1942 580 1966 romanam
605 1938 640 1965 et
662 1933 803 1965 fuerunt
826 1938 982 1975 quatuor,
1006 1932 1141 1964 scilicet
1164 1942 1251 1964 unus
1274 1941 1338 1974 pro
1362 1931 1516 1974 quolibet
1531 1931 1716 1975 quarterio,
1739 1933 1918 1966 videlicet:
1945 1934 2104 1967 dominus

251 1985 417 2018 Ferrinus
440 1986 484 2019 de
507 1985 665 2018 Galuciis
686 1986 796 2024 miles,
820 1986 979 2018 dominus
1002 1985 1205 2017 Richardus
1236 1985 1280 2017 de
1311 1984 1463 2017 Saliceto
1489 1985 1612 2018 doctor
1635 1985 1788 2025 eximius,
1818 1986 1976 2019 dominus
1997 1986 2104 2020 Pinus

252 2040 296 2071 de
319 2039 505 2072 Gozadinis
527 2039 643 2084 judeX,
666 2038 770 2071 Parte
796 2039 839 2071 de
863 2038 1066 2071 Ghisileriis.

338 2093 472 2126 Eodem
493 2101 596 2131 anno,
621 2091 677 2125 die
699 2092 818 2124 ultimo
841 2091 933 2134 maji.
957 2110 999 2114 —
1021 2091 1188 2124 Dominus
1211 2090 1358 2134 Captus'
1383 2092 1425 2124 de
1441 2091 1652 2134 Bonacaptis
1669 2092 1735 2125 fuit
1751 2093 1882 2126 electus
1897 2094 2104 2136 praeconsul
2126 2093 2168 2127 35

252 2145 424 2178 societatis
447 2146 678 2178 Notariorum.
722 2144 890 2178 Dominus
913 2143 1063 2188 Jacobus
1087 2145 1130 2177 de
1152 2144 1337 2189 Magnanis
1361 2145 1404 2177 de
1427 2150 1534 2177 strata
1549 2144 1676 2188 Majori
1699 2146 1766 2178 fuit
1781 2146 1911 2179 electus
1926 2146 2104 2180 barisellus

250 2198 505 2232 Beccariorum.
752 2240 755 2242 .

338 2252 473 2284 Eodem
496 2261 599 2291 anno,
616 2252 659 2285 de
675 2261 791 2284 mense
804 2251 901 2295 junii.
919 2270 961 2275 —
978 2251 1127 2295 Jacobus
1144 2252 1187 2284 de
1209 2251 1359 2294 Pepolis,
1383 2251 1472 2284 filius
1495 2251 1625 2284 domini
1648 2252 1783 2285 Tadaei
1806 2253 1849 2285 de
1872 2252 2019 2295 Pepolis,
2042 2253 2104 2286 ivit

251 2305 444 2338 Ferrariam
467 2305 504 2337 in
520 2305 686 2337 auxilium
708 2305 945 2338 marchionum
971 2306 1014 2338 de
1030 2305 1189 2338 Ferraria
1213 2316 1292 2338 cum
1315 2308 1370 2346 ΗΓ
1393 2304 1564 2347 equitibus
1587 2311 1621 2338 et
1642 2316 1666 2337 L
1688 2306 1872 2348 peditibus.
1918 2306 1990 2345 Qui
2013 2317 2103 2339 mar-

252 2358 393 2391 chiones
415 2364 493 2400 post
514 2368 646 2401 paucos
669 2358 742 2391 dies
765 2359 924 2391 fecerunt
946 2358 1136 2391 exercitum
1162 2364 1284 2391 contra
1306 2358 1476 2391 Mutinam
1508 2364 1542 2391 et
1564 2368 1725 2402 magnum
1749 2364 1906 2402 guastum
1931 2360 2102 2392 dederunt
2123 2361 2166 2392 40

250 2422 352 2454 super
375 2411 538 2444 comitatu
560 2410 727 2452 Mutinae.

339 2455 472 2497 Eodem
495 2473 598 2503 anno,
623 2465 666 2497 de
689 2475 804 2497 mense
825 2464 910 2508 julii.
935 2483 978 2488 —
1000 2465 1167 2498 Dominus
1188 2464 1354 2509 Aluysius
1378 2466 1422 2498 de
1446 2465 1612 2509 Goneaga
1635 2465 1755 2498 habuit
1770 2465 1958 2498 dominium
1983 2466 2103 2499 civita-

251 2518 295 2550 tis
316 2517 420 2561 Regii
442 2523 477 2550 et
499 2528 617 2550 omnes
638 2517 772 2560 expulsi
796 2518 840 2551 de
862 2518 976 2563 Regio
999 2524 1083 2551 tunc
1106 2524 1292 2561 potuerunt
1315 2519 1445 2557 redire;
1478 2524 1513 2551 et
1535 2513 1691 2551 similiter
1714 2519 1875 2552 fecerunt
1898 2519 1948 2551 illi
1972 2519 2103 2552 domini

252 2571 296 2603 de
320 2570 354 2603 la
377 2570 480 2604 Scala
502 2571 538 2602 in
560 2570 685 2603 Parma
710 2576 745 2603 et
768 2570 898 2604 domini
922 2572 965 2604 de
990 2571 1263 2605 Vicecomitibus
1286 2572 1321 2603 in
1346 2571 1528 2605 Cremona.

338 2624 471 2657 Eodem
488 2633 580 2656 anno
597 2629 632 2656 et
646 2633 773 2657 mense.
790 2643 832 2647 -—
848 2624 928 2657 Fuit
944 2635 1069 2669 magna
1081 2625 1256 2658 discordia
1267 2625 1358 2658 inter
1372 2625 1451 2658 illos
1467 2626 1510 2657 de
1525 2625 1666 2668 Pepolis
1681 2631 1715 2658 et
1731 2626 1906 2658 dominum
1922 2625 2102 2658 Brandeli-
2126 2623 2166 2658 45

249 2677 336 2710 sium
359 2677 403 2710 de
427 2676 624 2715 Gozadinis‚
648 2676 729 2719 quia
746 2677 815 2710 duo
830 2678 956 2710 mortui
971 2678 1122 2717 fuerunt,
1139 2678 1198 2721 qui
1213 2684 1311 2711 erant
1327 2679 1428 2711 amici
1445 2679 1581 2710 illorum
1598 2679 1642 2711 de
1658 2678 1805 2721 Pepolis‚
1821 2684 1964 2721 propter
1979 2679 2102 2711 vulnus

249 2731 382 2763 factum
405 2729 440 2761 in
464 2729 556 2762 facie
579 2729 683 2762 Berto
699 2730 743 2762 de
757 2730 977 2768 Bacelleriis3
1002 2736 1037 2764 et
1051 2731 1156 2764 fiebat
1173 2731 1267 2764 dicta
1283 2732 1326 2764 de
1343 2742 1447 2764 causa
1462 2741 1588 2775 magna
1604 2732 1762 2764 custodia
1778 2732 1813 2763 in
1828 2731 1993 2770 Bononia,
2017 2732 2100 2774 quia

250 2782 433 2815 timebatur
456 2783 499 2815 de
521 2792 656 2815 mmore
678 2783 770 2815 inter
790 2782 941 2826 Pepulos
964 2789 998 2816 et
1022 2783 1229 2817 Gozadinos.
1276 2784 1434 2817 Tandem
1466 2785 1532 2817 fuit
1555 2786 1650 2817 facta
1674 2785 1863 2818 concordia
1884 2784 1973 2817 inter
1996 2784 2100 2828 ipsos

342 2916 374 2944 17
392 2911 450 2946 dle]
468 2921 548 2946 segue
565 2919 609 2945 νη
627 2914 723 2939 martii
741 2914 886 2940 cancellato
