2242 3418
132 176 214 213 [Aa.
233 179 419 212 isso-13⁸2]
716 173 1037 209 MEMORIALE
1065 174 1389 210 HISTORICUM
1931 174 1975 215 77

129 305 211 338 dum
233 305 390 339 ordinem
414 305 543 339 datum.
590 306 636 340 Et
659 305 858 351 Gualengus
874 306 918 340 de
934 305 1143 345 Ghisileriis,
1161 310 1266 348 caput
1281 305 1453 339 dictarum
1469 306 1635 351 gentium,
1652 307 1689 340 in
1702 307 1847 341 introitu
1860 307 1977 341 Plebis

127 359 196 392 fuit
217 364 382 399 mortuus,
405 370 475 393 una
497 371 575 393 cum
600 371 682 403 me
704 360 823 404 probis
846 360 1074 404 caporalibus.
1121 360 1166 392 Et
1182 360 1232 392 sic
1248 370 1312 402 pro
1335 359 1397 392 illa
1420 360 1478 392 die
1500 365 1667 394 tractatus
1690 371 1760 394 non
1783 361 1905 394 habuit
1926 362 1977 394 lo-

127 423 223 451 cum;
247 413 307 445 sed
329 413 388 446 die
410 414 578 457 sequenti,
601 424 665 457 per
686 415 752 447 Dei
775 414 934 459 gratiam,
957 413 1114 447 habitum
1137 413 1207 446 fuit
1229 413 1342 455 ipsum
1365 418 1515 446 castrum
1539 424 1618 446 cum
1641 414 1772 447 auxilio
1798 414 1976 447 hominum

127 465 172 498 de
193 465 315 505 Cento,
339 466 399 500 ubi
423 478 459 499 se
482 467 690 501 reduxerunt
713 473 834 512 gentes
855 467 1013 500 comunis
1035 466 1226 499 Bononiae.

83 516 102 551 5
215 518 346 551 Eodem
369 529 471 552 anno.
497 539 538 544 ——
563 519 717 553 Comune
747 520 925 553 Bononiae
948 519 1032 552 emit
1055 524 1205 552 castrum
1235 518 1393 551 Bruscoli
1425 524 1459 552 et
1490 519 1673 564 Piglanum
1704 531 1726 553 a
1757 521 1884 554 comite
1914 519 1977 553 Al-

126 571 223 604 berto
247 572 291 604 de
313 572 480 606 Bruscolo
503 583 567 616 pro
589 573 702 616 pretio
725 575 788 614 nJm
811 573 1027 605 florenorum.

212 624 522 659 M.CCCLXXXI.
547 645 589 650 --
612 627 780 660 Dominus
803 625 1001 670 Raynerius
1025 625 1068 657 de
1093 625 1306 669 Symonettis
1329 624 1373 658 de
1404 625 1492 658 Exio
1524 626 1593 658 fuit
1615 629 1767 668 potestas
1796 627 1975 660 Bononiae

125 683 160 710 et
183 678 338 721 incoepit
361 679 418 711 die
442 689 466 711 x
487 679 587 722 junii.
633 679 802 712 Dominus
824 677 988 712 Albertus
1012 678 1056 711 de
1072 678 1286 711 Guidolottis
1302 678 1346 711 de
1360 678 1503 711 Perusio
1519 679 1588 711 fuit
1604 684 1754 722 potestas
1770 685 1804 712 et
1820 679 1975 722 incoepit

25 759 26 762 ,
124 731 182 764 die
205 741 230 762 x
252 731 456 766 decembris.

0 794 1 833 ᾗ
23 789 26 790 ’
62 784 101 816 10
212 784 344 818 Eodem
367 795 469 825 ann0‚
493 786 551 819 die
574 786 778 819 Nativitatis
800 785 941 818 Domini
965 785 1084 818 nostri.
1110 804 1152 809 —
1177 784 1336 818 Castrum
1359 784 1476 818 Plebis
1499 785 1603 819 Centi
1633 786 1703 819 fuit
1734 791 1974 829 recuperatum

31 830 35 832 ’
122 847 185 880 per
207 847 353 870 comune
375 839 553 872 Bononiae
575 849 639 882 per
660 838 894 872 concordiam.

211 891 342 924 Eodem
365 901 468 925 anno.
492 911 534 916 —
557 892 727 926 Charolus
750 892 793 924 de
815 892 850 925 la
872 891 965 925 Pace
988 902 1067 924 cum
1091 903 1217 936 magna
1233 892 1457 925 multitudine
1472 892 1627 936 gentium
1651 892 1812 925 transivit
1834 903 1898 935 per
1913 902 1972 925 co-

123 943 280 977 mitatum
303 943 482 978 Bononiae
503 951 539 978 et
560 945 647 978 fecit
669 955 795 990 magna
818 945 944 978 damna
967 951 1001 978 et
1024 945 1090 978 ivit
1116 945 1266 978 Romam
1297 956 1401 978 causa
1424 945 1579 978 intrandi
1603 955 1764 989 regnum;
1789 951 1824 978 et
1854 951 1974 988 postea

122 996 266 1030 intravit
288 997 465 1031 civitatem
488 999 636 1042 Neapoli
667 1003 702 1031 et
731 999 865 1041 expulit
887 999 1043 1043 raginam
1075 998 1279 1042 Johannam,
1313 1004 1396 1031 tunc
1427 998 1558 1032 ibidem
1589 999 1824 1034 dominantem
1854 1005 1890 1032 et
1912 1009 1971 1031 co-

22 1051 27 1057 '
60 1047 97 1082 15
122 1055 262 1083 tonatus
284 1051 397 1093 primo
419 1052 489 1084 fuit
510 1062 573 1095 per
594 1062 719 1095 papam
742 1051 923 1085 Urbanum
954 1057 1096 1085 sextum.
1142 1053 1188 1085 Et
1218 1052 1314 1085 dicta
1343 1052 1465 1096 regina
1493 1052 1586 1096 fugit
1617 1052 1660 1084 de
1691 1052 1840 1094 Neapoli
1871 1057 1906 1084 et
1937 1062 1973 1084 se

121 1103 258 1136 reduxit
280 1104 317 1136 in
341 1103 628 1138 Castrumnovum
651 1110 686 1138 et
708 1105 868 1138 dominus
884 1105 975 1138 Octo
991 1106 1035 1138 de
1050 1106 1221 1144 Brisvich,
1238 1105 1381 1138 maritus
1397 1104 1513 1137 dictae
1529 1104 1680 1149 reginae,
1698 1105 1767 1137 fuit
1790 1105 1973 1138 conflictus

121 1166 200 1188 cum
222 1157 383 1200 gentibus
404 1158 475 1190 suis
496 1168 519 1191 a
540 1157 637 1191 dicto
660 1158 810 1192 Charolo
834 1169 932 1203 rege;
957 1164 991 1191 et
1013 1159 1088 1201 ipse
1111 1159 1271 1191 dominus
1295 1158 1386 1191 Octo
1409 1163 1532 1200 captus
1554 1157 1632 1190 fuit.

207 1209 338 1243 Eodem
360 1220 463 1250 anno,
487 1211 531 1244 de
554 1221 669 1244 mense
692 1211 899 1245 novembris.
924 1231 966 1236 —
990 1212 1125 1245 Civitas
1147 1211 1261 1244 Aretii
1285 1210 1329 1243 de
1351 1211 1483 1243 Tuscia
1513 1210 1582 1243 fuit
1612 1210 1778 1243 derobata
1808 1216 1843 1242 et
1866 1211 1969 1243 missa

119 1262 164 1295 ad
187 1272 405 1296 sacomanum
428 1274 491 1306 per
513 1264 674 1298 comitem
697 1263 899 1298 Albericum
924 1265 967 1298 de
989 1265 1164 1298 Barbiano
1187 1270 1222 1297 et
1244 1269 1364 1308 gentes
1386 1263 1460 1307 ejus
1482 1268 1518 1296 et
1539 1263 1639 1296 multi
1663 1263 1758 1296 cives
1780 1264 1875 1306 capti
1892 1265 1968 1296 fue-

53 1315 97 1346 20
120 1320 200 1347 runt
221 1326 285 1358 per
306 1316 399 1359 ipsas
420 1321 550 1361 gentes,
575 1328 664 1361 quae
687 1328 772 1362 gens
794 1318 986 1352 vocabatur
1009 1317 1044 1350 Ia
1068 1317 1276 1361 Compagna
1297 1317 1339 1349 de
1360 1327 1422 1349 san
1445 1316 1561 1362 Zorqo.

207 1368 338 1402 Eodem
360 1379 452 1402 anno
472 1370 565 1403 1381.
591 1390 632 1394 -
657 1369 812 1403 Comune
835 1370 1014 1404 Bononiae
1037 1370 1121 1403 emit
1137 1376 1287 1403 castrum
1312 1369 1461 1403 Solaroli
1485 1379 1564 1402 cum
1579 1369 1697 1402 multis
1719 1369 1821 1402 terris
1836 1369 1966 1402 ibidem

118 1421 421 1455 circumstantibus
442 1434 463 1456 a
486 1423 674 1456 Francisco
698 1424 742 1456 de
764 1423 960 1456 Manfredis
983 1423 1027 1456 de
1051 1423 1231 1462 Faventia,
1255 1423 1364 1455 fratre
1386 1421 1555 1466 Astorgii,
1587 1432 1652 1464 pro
1682 1423 1796 1465 pretio
1819 1426 1884 1465 11J'¹¹
1906 1423 1968 1455 flo-

118 1483 277 1507 renorum
300 1480 335 1508 et
356 1475 509 1520 Ducolus
531 1476 574 1509 de
598 1476 837 1521 Plantavignis
858 1476 1014 1509 notarius
1035 1476 1123 1509 fecit
1145 1476 1419 1508 instrumentum.

205 1527 337 1560 Eodem
359 1538 462 1562 anno.
487 1548 528 1553 —
551 1530 686 1563 Civitas
707 1529 820 1562 Aretii
844 1530 913 1563 fuit
937 1529 1062 1562 iterum
1085 1529 1252 1562 derobata
1274 1539 1338 1571 per
1360 1538 1588 1572 compagnam
1619 1528 1810 1568 Vilanucii‚
1842 1529 1871 1562 si
1903 1530 1967 1562 ali-

52 1577 93 1612 25
117 1580 203 1623 quid
226 1580 278 1613 ibi
301 1588 519 1615 remanserat.

205 1633 336 1666 Eodem
358 1643 462 1674 anno,
486 1635 544 1668 die
566 1645 631 1677 xxj
654 1636 816 1669 octobris.
841 1654 883 1660 —
906 1635 1080 1680 Ugolinus
1097 1636 1141 1668 de
1160 1634 1362 1679 Balduynis,
1380 1635 1440 1678 qui
1457 1640 1531 1667 erat
1554 1635 1716 1678 expulsus
1735 1636 1780 1668 de
1794 1636 1964 1675 Bononia,

117 1685 206 1719 obiit
228 1686 265 1719 in
288 1687 432 1720 civitate
453 1687 614 1721 Veronae
635 1694 671 1722 et
692 1689 761 1722 fuit
783 1694 1004 1732 apportatum
1035 1699 1162 1732 corpus
1178 1699 1277 1721 suum
1292 1688 1486 1722 Bononiam
1502 1693 1537 1721 et
1552 1689 1722 1731 sepultum
1739 1689 1785 1722 ad
1801 1689 1967 1722 Sanctum

116 1738 353 1773 Franciscum.

202 1791 528 1828 M.CCCLXXXII.
552 1814 594 1819 —
616 1795 785 1828 Dominus
807 1796 1007 1840 Raynerius
1030 1796 1074 1828 de
1097 1795 1214 1828 Zaciis
1237 1796 1281 1828 de
1303 1794 1393 1828 Pisis
1415 1795 1484 1828 fuit
1507 1800 1657 1838 potestas
1680 1795 1869 1829 Bononiae.
1892 1796 1963 1828 Do-

48 1844 93 1876 30
114 1844 228 1877 minus
250 1855 364 1879 comes
385 1847 581 1892 Besaconus
604 1849 647 1881 de
670 1849 848 1893 Plagnano
872 1849 941 1882 fuit
963 1854 1115 1892 potestas
1137 1848 1327 1881 Bononiae.

201 1898 333 1931 Eodem
363 1910 467 1940 anno,
490 1901 548 1934 die
572 1911 622 1935 xv
645 1902 823 1935 februarii.
849 1921 890 1926 —
914 1901 1085 1936 Comune'
1108 1902 1286 1934 Bononiae
1317 1901 1411 1934 misit
1442 1901 1695 1935 ambaxiatores
1718 1902 1763 1935 ad
1786 1902 1963 1935 dominum

114 1961 250 1993 papam,
273 1951 454 1986 videlicet:
472 1953 649 1987 dominum
672 1955 865 1998 Johannem
889 1955 932 1988 de
954 1955 1115 1998 Lignano
1139 1955 1328 1993 doctorem,
1345 1954 1523 1987 dominum
1539 1954 1729 1999 Ugolinum
1745 1955 1790 1988 de
1805 1956 1962 1988 Galuciis

114 2003 269 2042 militem,
294 2004 471 2038 dominum
493 2006 683 2050 Ugolinum
707 2008 751 2040 de
775 2007 924 2050 Scappis
939 2008 1127 2046 doctorem,
1151 2006 1379 2039 Franciscum
1403 2007 1447 2039 de
1471 2006 1684 2040 Foscarariis
1700 2018 1912 2051 campsorem
1929 2014 1964 2042 et

113 2055 380 2100 Maghinardum
403 2058 447 2091 de
470 2058 654 2093 Cansaldis
677 2061 910 2104 stracarolum.

7 2141 10 2142 γ
47 2105 89 2140 35
201 2109 333 2142 Eodem
356 2120 459 2150 anno,
484 2113 527 2145 de
550 2123 666 2145 mense
688 2113 815 2146 martii.
841 2132 882 2137 —
906 2113 1075 2146 Dominus
1097 2112 1262 2146 Albertus
1284 2113 1441 2146 marchio
1465 2114 1509 2146 de
1531 2114 1693 2147 Ferraria
1716 2115 1812 2147 venit
1837 2116 1883 2148 ad
1910 2115 1961 2148 ci-

113 2161 255 2204 vitatem
270 2162 449 2196 Bononiae
464 2170 499 2197 et
515 2165 584 2198 fuit
600 2166 702 2199 valde
717 2166 907 2199 honorifice
923 2172 1083 2209 receptus
1098 2171 1132 2199 et
1148 2166 1214 2200 ivit
1229 2167 1275 2199 ad
1292 2165 1456 2199 Sanctam
1478 2166 1628 2199 Mariam
1645 2167 1682 2199 in
1697 2167 1820 2201 Monte
1834 2169 1881 2201 ad
1896 2169 1963 2202 sol-

112 2215 263 2247 vendum
285 2221 404 2248 votum
427 2228 535 2257 suum,
560 2218 620 2251 ubi
643 2218 731 2251 fecit
753 2219 892 2261 pulcras
916 2219 1117 2252 oblationes.

199 2267 331 2300 Eodem
354 2279 457 2309 anno,
482 2271 526 2303 de
548 2281 663 2304 mense
684 2272 776 2315 junii
799 2277 834 2305 et
854 2272 944 2316 julii.
970 2291 1010 2296 —
1034 2273 1190 2306 Comune
1211 2273 1390 2306 Bononiae
1413 2274 1500 2306 fecit
1522 2274 1640 2307 cavari
1663 2275 1782 2308 foveas
1797 2274 1962 2315 civitatis,

111 2319 235 2353 timore
258 2321 359 2355 ducis
380 2320 654 2367 Andegavensis,
678 2324 769 2358 idest
792 2325 836 2358 de
858 2323 971 2369 Anco,
995 2326 1056 2369 qui
1079 2330 1154 2359 erat
1176 2337 1321 2370 magnus
1344 2327 1504 2360 dominus
1526 2332 1562 2359 et
1585 2328 1630 2360 de
1653 2328 1755 2361 domo
1778 2329 1959 2368 Franciae,

46 2373 89 2404 40
112 2373 172 2416 qui
196 2373 240 2406 de
263 2374 321 2406 die
343 2374 380 2407 in
405 2375 497 2408 diem
522 2376 704 2410 dicebatur
738 2377 864 2411 debere
886 2378 1006 2411 venire
1040 2389 1158 2412 versus
1180 2379 1357 2413 civitatem
1380 2380 1559 2413 Bononiae
1566 2393 1575 2419 ;
1599 2385 1634 2413 et
1657 2381 1707 2413 sic
1730 2381 1837 2421 venit,
1862 2387 1900 2414 ut
1922 2381 1960 2414 in

111 2426 267 2469 sequenti
290 2428 420 2472 pagina
442 2427 508 2461 tibi
534 2429 661 2463 dicam.

199 2479 332 2512 Eodem
363 2490 466 2520 anno,
491 2482 549 2514 die
571 2492 596 2515 v
617 2484 755 2527 augusti
781 2484 875 2517 1382.
911 2502 954 2510 —-
987 2485 1156 2518 Dominus
1181 2484 1393 2525 Ludovicus‚
1425 2487 1495 2519 dux
1524 2485 1788 2532 Andegavensis
1810 2487 1883 2521 sive
1914 2489 1957 2521 de

109 2530 222 2575 Anco,
246 2542 325 2564 cum
349 2536 420 2566 xvm
464 2534 649 2578 equitibus,
673 2536 765 2569 inter
795 2547 881 2580 quos
911 2543 1010 2570 erant
1039 2547 1111 2571 mcc
1143 2537 1312 2571 balisterii
1343 2539 1509 2583 equitum,
1540 2540 1636 2572 venit
1666 2551 1770 2582 super
1791 2540 1958 2574 comitatu

11 2619 13 2622 ,
109 2584 296 2618 Bononiae.
343 2586 389 2619 Et
411 2587 524 2629 prima
548 2588 605 2620 die
627 2589 774 2631 aplicuit
796 2589 1008 2634 Pancanum,
1033 2592 1185 2624 secunda
1208 2591 1266 2624 die
1289 2591 1490 2635 inibuschis
1516 2592 1721 2625 Pescarolae
1746 2599 1781 2626 et
1806 2594 1864 2626 die
1890 2603 1959 2635 an

14 2657 18 2662 ψ
44 2634 85 2668 45
108 2637 245 2681 augusti
268 2639 430 2672 transivit
451 2640 498 2673 ad
520 2646 636 2682 partes
660 2642 703 2674 de
726 2642 845 2675 subtus
868 2643 1056 2683 civitatem,
1080 2643 1284 2687 incipiendo
1314 2645 1361 2677 ad
1391 2650 1529 2687 portum
1551 2645 1763 2690 Macagnani
1791 2651 1826 2679 et
1856 2647 1957 2686 ultra,

109 2700 216 2733 usque
238 2691 284 2724 ad
307 2696 448 2725 stratam
472 2694 584 2726 sancti
607 2694 736 2727 Vitalis
758 2700 793 2728 et
816 2701 943 2729 stratae
957 2696 1105 2741 Majoris
1127 2702 1162 2730 et
1184 2697 1251 2730 ivit
1272 2698 1319 2730 ad
1342 2703 1468 2731 terram
1499 2698 1605 2731 Russi
1633 2698 1817 2732 comitatus
1843 2700 1958 2732 Bono-

109 2742 198 2782 niae,
222 2754 324 2786 super
338 2744 478 2778 flumine
494 2746 629 2780 Ydicis.
676 2748 723 2780 Et
738 2747 860 2782 habuit
882 2748 1049 2782 victualia
1071 2760 1135 2792 pro
1159 2750 1229 2783 suis
1244 2751 1404 2793 pecuniis
1418 2756 1453 2783 et
1468 2751 1537 2784 fuit
1559 2751 1662 2785 valde
1684 2752 1772 2785 bene
1795 2763 1957 2795 praesen-

108 2924 131 2949 ti
150 2890 212 2950 mg
230 2883 386 2952 Ῑῗζηοέιζιῗε]
398 2884 517 2918 Seguono
534 2886 625 2911 alcune
637 2887 736 2918 parole
753 2888 893 2918 raschiate,
908 2888 1116 2920 probabilmente
1133 2890 1199 2915 deve
1218 2891 1354 2923 legg-ersi.-
1374 2892 1403 2916 et
1421 2893 1521 2924 postes.
1538 2891 1700 2917 habuerunt
1717 2893 1829 2925 plebem
1848 2894 1879 2919 ln
1897 2894 1954 2919 Na-

133 2932 151 2949 v
204 2932 219 2950 e
266 2932 313 2950 om

2068 1920 2117 1941 un„
2135 1915 2172 1935 1⁹3
