2242 3418
153 186 237 225 [ΑΑ.
259 190 441 226 1401-1402]
736 181 1058 222 MEMORIALE
1086 181 1412 222 HISTORICUM
1945 183 1988 222 91

241 316 372 349 Eodem
395 326 497 355 anno,
521 317 579 348 die
602 326 680 358 xva
692 316 791 360 junii.
809 335 850 340 —
868 317 991 350 Comes
1013 316 1197 349 Albericus
1220 317 1264 349 de
1287 315 1461 349 Barbiano
1485 323 1519 350 et
1543 318 1702 350 dominus
1718 317 1898 350 Otobonus
1914 318 2002 350 Ter-

153 369 221 402 tius
244 369 287 402 de
309 369 434 401 Parma
458 380 536 402 cum
560 369 630 402 suis
651 369 811 413 gentibus
834 375 1002 402 venerunt
1024 370 1197 402 hostiliter
1223 375 1345 402 contra
1369 370 1545 402 civitatem
1568 369 1746 403 Bononiae
1769 376 1803 403 et
1826 371 1870 403 de
1893 372 2001 403 comi-

154 428 228 455 tatu
250 421 428 454 Bononiae
453 427 619 465 ceperunt
642 423 767 455 multos
790 423 946 455 homines
968 429 1003 455 et
1025 422 1152 455 bestias
1167 428 1202 455 et
1217 424 1376 455 fecerunt
1398 434 1523 466 magna
1538 424 1672 456 ‚damna
1694 430 1728 456 et
1752 424 1932 457 ocisiones.

242 474 373 507 Eodem
396 485 498 514 anno,
522 475 580 508 die
603 485 627 507 x
648 475 737 519 julii.
762 494 804 499 -
827 474 977 508 Bandita
1001 476 1070 508 fuit
1091 486 1160 518 pax
1182 475 1273 508 inter
1294 476 1487 519 Johannem
1512 477 1555 508 de
1579 475 1800 520 Bentevoglis
1822 483 1857 509 et
1879 476 2001 510 Astor-

111 526 129 559 5
153 528 248 572 gium
272 528 316 560 de
338 527 518 560 Faventia.
1084 531 1087 533 ’

241 581 372 613 Eodem
396 591 488 614 anno
511 587 546 614 et
569 591 694 614 mense.
719 601 760 605 ——
788 582 913 615 Dictus
946 582 1121 625 Johannes
1155 582 1198 614 de
1231 581 1463 625 Bentevoglis,
1498 583 1658 615 dominus
1687 582 1876 622 Bononiae,
1908 584 2021 625 misit,

154 634 240 667 duos
262 634 516 667 ambaxiatores
539 635 584 667 ad
619 627 797 668 civitatem
827 634 1036 673 Florentiae,
1071 635 1236 667 videlicet
1266 635 1443 667 dominum
1473 635 1734 668 Lambertinum
1765 637 1808 669 de
1839 636 2002 670 Canitulo

153 687 298 720 militem
321 693 356 720 et
379 688 558 720 doctorem
581 693 616 720 et
637 688 838 720 Mathaeum
862 688 906 720 de
930 688 1158 721 Griffonibus.

240 740 460 785 M.CCCCII.
484 741 615 773 Eodem
637 751 740 780 anno,
764 741 822 774 die
845 751 954 782 xxnrJ
980 742 1107 774 mensis
1135 741 1234 784 junii.
1268 760 1309 764 -
1341 742 1470 775 Gentes
1491 742 1661 785 Johannis
1691 743 1735 775 de
1765 742 1997 787 Bentevoglis,

92 792 130 825 10
154 793 286 825 domini
310 792 500 832 Bononiae,
524 799 558 826 et
574 804 659 837 gens
675 793 964 833 Florentinorum‚
989 804 1077 837 quae
1100 800 1173 826 erat
1198 804 1276 826 cum
1300 794 1394 837 ipsis,
1418 796 1558 828 fuerunt
1581 805 1699 828 omnes
1723 796 1878 828 conflicti
1894 806 2002 839 prope

153 845 362 885 Casaliclum
385 857 448 888 per
470 852 589 890 gentes
613 846 744 879 domini
768 847 1044 886 mediolanensis,
1060 853 1094 879 et
1112 853 1234 890 captus
1249 847 1317 879 fuit
1341 848 1553 890 capitaneus,
1570 849 1734 881 videlicet
1750 847 2001 887 Bernardonus‚

153 905 188 931 et
204 899 273 931 duo
289 899 352 931 filii
369 899 501 932 domini
517 899 675 932 Paduani
692 906 727 932 et
741 899 902 943 Jacobus,
919 901 1029 933 frater
1044 900 1132 933 dicti
1150 900 1283 933 domini
1299 900 1468 940 Paduani,
1485 901 1650 934 videlicet
1665 902 1797 934 domini
1821 901 2002 935 Francisci

153 951 265 984 Tertii
289 952 332 984 de
355 952 533 985 Chararia„
1373 991 1376 994 y

241 1005 308 1037 Die
331 1015 413 1037 vero
437 1015 541 1047 xxv1J
565 1006 652 1038 dicti
675 1006 810 1039 mensis.
836 1025 878 1030 —-
905 1006 1058 1049 Populus
1093 1005 1271 1039 Bononiae
1306 1007 1428 1039 videns
1462 1008 1556 1050 quod
1589 1008 1774 1051 Johannes⁴
1800 1009 1843 1040 de
1878 1007 2003 1040 Bente-

92 1055 129 1089 15
154 1058 266 1102 voglis
288 1064 362 1104 erat
386 1058 568 1091 conflictus
598 1064 634 1091 et
655 1059 744 1091 male
768 1059 805 1090 in
829 1060 950 1091 ordine
973 1065 1117 1102 propter
1139 1060 1272 1092 dictum
1297 1060 1507 1099 conflictum,
1532 1061 1758 1103 incoeperunt
1782 1061 1935 1093 cridare:
1962 1080 2003 1084 —

154 1110 261 1143 Vivat
278 1110 426 1153 populus
449 1117 484 1143 et
507 1111 673 1144 moriatur
693 1112 871 1154 Johannes
893 1112 937 1144 de
960 1111 1199 1155 Bentevoglisl
1224 1131 1265 1135 —
1290 1112 1335 1145 Et
1357 1113 1533 1155 Johannes
1556 1113 1661 1145 traxit
1684 1114 1729 1146 ad
1752 1115 1900 1156 plateam
1925 1125 2003 1146 cum

153 1163 328 1206 aliquibus
351 1163 422 1196 suis
445 1164 582 1197 civibus
604 1169 639 1196 et
661 1165 931 1207 proviosionatis
961 1165 1006 1197 ad
1037 1165 1294 1197 defendendum
1325 1171 1451 1198 statum
1478 1176 1575 1198 suum
1599 1172 1633 1199 et
1655 1167 1750 1199 stetit
1773 1167 1823 1199 ibi
1847 1173 1919 1200 tota
1942 1178 2004 1199 no-

155 1221 210 1248 cte
232 1216 437 1258 proeliando
461 1227 540 1249 cum
563 1218 708 1259 populo;
733 1223 767 1249 et
791 1218 931 1250 fuerunt
954 1218 1021 1251 sibi
1045 1218 1171 1252 mortui
1203 1218 1272 1250 duo
1303 1218 1384 1261 equi
1415 1218 1533 1251 subtus
1556 1229 1650 1257 eum3
1676 1226 1709 1251 et
1733 1220 1807 1262 ipse
1829 1220 2004 1263 Johannes

155 1269 306 1311 propriis
329 1269 487 1302 manibus
510 1270 636 1302 multos
659 1270 855 1303 vulneravit
878 1276 912 1303 et
935 1271 1070 1314 aliquos
1094 1271 1281 1303 interfecit.
1329 1270 1399 1303 Sed
1421 1272 1570 1314 populus
1593 1272 1654 1304 illa
1677 1278 1779 1305 nocte
1803 1274 1896 1315 cepit
1919 1274 2004 1305 duas

88 1322 131 1353 20
153 1327 271 1363 portas
294 1322 458 1361 civitatis,
482 1323 647 1355 videlicet
669 1328 805 1365 portam
829 1323 1032 1367 Saragotiae
1062 1330 1097 1356 et
1126 1329 1261 1366 portam
1292 1324 1404 1356 sancti
1435 1324 1617 1357 Mammae.
1665 1325 1710 1357 Et
1741 1325 1907 1358 miserunt
1941 1336 2004 1369 pro

154 1374 313 1407 omnibus
337 1371 483 1414 civibus,
508 1376 568 1419 qui
591 1381 690 1408 erant
713 1376 877 1408 confinati
900 1381 999 1409 extra
1023 1376 1211 1415 civitatem,
1237 1376 1296 1420 qui
1320 1382 1418 1409 erant
1434 1377 1471 1408 in
1488 1387 1611 1419 campo
1628 1377 1727 1410 ducis
1742 1378 1953 1416 Mediolani;
1970 1385 2005 1412 et

113 1429 116 1432 '
154 1426 251 1460 illico
275 1434 442 1460 venerunt
466 1429 503 1460 in
527 1427 730 1461 Bononiam.
776 1429 821 1461 Et
843 1429 984 1471 primuS,
1002 1429 1061 1472 qui
1078 1430 1184 1467 venit,
1202 1429 1270 1461 fuit
1294 1429 1472 1462 Galeatius
1495 1430 1538 1462 de
1561 1429 1711 1472 Pepolis‚
1729 1432 1788 1474 qui
1805 1431 1920 1464 subito
1937 1433 2005 1464 fuit

154 1480 269 1513 factus
292 1481 391 1513 miles
413 1482 450 1513 in
473 1482 605 1523 platea3
630 1482 801 1514 secundus
823 1481 892 1514 fuit
914 1482 1090 1525 Johannes
1113 1482 1300 1515 Gerardini
1318 1483 1543 1527 Negoxantis.
1590 1483 1634 1515 Et
1658 1489 1740 1516 tunc
1757 1484 1935 1517 redierunt
1952 1485 2004 1518 illi

154 1533 198 1565 de
221 1533 388 1572 Galuciis,
411 1535 455 1566 de
477 1534 626 1577 Pepolis‚
651 1535 695 1567 de
720 1535 918 1574 Gozadinis,
935 1535 979 1567 de
995 1534 1190 1572 Ysolanis;'
1206 1540 1240 1568 et
1256 1536 1356 1568 multi
1372 1536 1434 1568 alii
1450 1536 1681 1576 Maltraversi,
1705 1537 1765 1580 qui
1781 1544 1879 1570 erant
1894 1545 2000 1577 extra,

87 1583 129 1617 25
154 1592 322 1619 venerunt
345 1586 536 1620 Bononiam
560 1598 638 1620 eum
669 1588 763 1630 ipsis.
810 1588 854 1620 Et
885 1594 968 1620 tunc
1000 1588 1174 1630 capitanei
1205 1589 1359 1632 gentium
1379 1588 1523 1621 ‘domini
1556 1590 1665 1629 ducis,
1697 1591 1861 1624 videlicet
1891 1602 2005 1624 comes

153 1637 347 1679 Albericus,
372 1641 531 1672 dominus
554 1641 747 1673 Pandulfus
770 1642 814 1673 de
835 1641 1039 1680 Malatestis‚
1063 1641 1247 1674 Malatesta
1264 1642 1307 1674 de
1329 1641 1534 1682 Malatestis‚
1559 1643 1717 1676 dominus
1740 1644 1916 1684 Mantuae,
1941 1646 2002 1677 do-

155 1692 268 1725 minus
289 1693 440 1736 Jacobus
464 1694 507 1726 de
530 1694 656 1726 Verme
668 1699 702 1726 et
717 1693 870 1726 Facinus
894 1694 1035 1733 Chanis,
1053 1694 1197 1738 ingressi
1221 1695 1363 1727 fuerunt
1387 1695 1563 1728 civitatem
1581 1695 1759 1729 Bononiae
1776 1697 1944 1730 dicendo:
1961 1717 2003 1721 -—

153 1744 244 1777 Viva
259 1746 294 1778 lo
309 1746 436 1788 povolo
453 1756 472 1778 e
488 1747 521 1778 le
539 1747 621 1779 artil
640 1765 682 1770 —
698 1747 742 1779 Et
759 1747 802 1780 de
817 1747 884 1779 hoc
907 1757 1025 1779 omnes
1048 1747 1142 1780 cives
1165 1753 1199 1779 et
1222 1753 1314 1780 totus
1337 1749 1484 1790 populus
1499 1750 1602 1782 valde
1618 1749 1704 1782 bene
1729 1750 2002 1784 contentabatur.

154 1797 200 1830 Et
215 1798 276 1830 illo
293 1809 367 1831 sero
383 1799 553 1839 veniente,
570 1800 637 1843 ipsi
654 1801 812 1832 fecerunt
829 1811 951 1833 novem
967 1800 1137 1839 antianos,
1154 1801 1334 1833 videlicet:
1352 1802 1586 1834 Melchionem
1604 1803 1647 1834 de
1663 1803 1820 1846 Macolis,
1844 1803 2002 1836 Nannem

88 1851 131 1882 30
155 1851 199 1883 de
223 1851 422 1895 Goeadinis,
446 1852 647 1885 Mathaeum
670 1853 714 1886 de
738 1853 965 1893 Griffonibus,
983 1853 1161 1886 dominum
1176 1852 1358 1886 Albertum
1377 1855 1420 1887 de
1436 1854 1601 1887 Blanchis
1623 1855 1767 1888 militem
1791 1861 1825 1889 et
1849 1857 2001 1900 quinque

153 1904 250 1943 alios,
276 1905 318 1937 de
342 1915 486 1948 quorum
510 1906 708 1939 nominibus
723 1917 792 1939 non
808 1906 895 1939 bene
918 1907 1091 1939 recordor.
1138 1906 1210 1939 Sed
1234 1907 1393 1939 dominus
1414 1908 1565 1950 Jacobus
1585 1908 1771 1941 Ysolanus'
1787 1915 1821 1941 et
1845 1910 2003 1942 dominus

155 1956 263 1989 Bente
285 1956 448 1990 Andreae
472 1959 515 1991 de
538 1958 769 2003 Bentevoglis,
794 1965 896 1992 nocte
918 1960 1099 2002 praedicta
1123 1960 1234 1992 sancti
1250 1959 1345 1992 Petri
1362 1960 1488 1992 mensis
1501 1961 1602 2004 junii,
1626 1968 1844 1994 accesserunt
1859 1963 1905 1995 ad
1921 1973 2001 2005 por-

155 2015 224 2042 tam
248 2015 375 2042 stratae
398 2011 509 2050 sancti
531 2012 661 2044 Donati
685 2022 763 2044 cum
786 2012 961 2055 aliquibus
983 2012 1221 2044 Maltraversis
1244 2018 1278 2044 et
1300 2023 1363 2055 per
1386 2013 1456 2045 vim
1480 2020 1690 2056 acceperunt
1714 2015 1844 2047 dictam
1867 2021 2002 2058 portam

129 2058 133 2063 ’
154 2068 188 2094 et
211 2069 398 2104 posuerunt
421 2064 513 2096 intus
535 2070 655 2108 gentes
678 2065 811 2097 domini
836 2065 935 2097 ducis
958 2065 1152 2097 Mediolani
1175 2071 1209 2097 et
1233 2065 1270 2096 in
1295 2065 1351 2098 die
1383 2066 1494 2099 sancti
1521 2066 1615 2098 Petri
1641 2068 1811 2100 duxerunt
1835 2068 1928 2110 ipsos
1958 2070 2004 2101 ad

88 2114 130 2146 35
154 2116 314 2157 plateam.
360 2116 406 2149 Et
427 2122 510 2149 tunc
535 2127 650 2150 comes
671 2116 857 2150 Albericus
879 2128 957 2149 cum
981 2118 1155 2160 aliquibus
1178 2118 1222 2150 de
1245 2118 1325 2157 illis,
1343 2119 1402 2161 qui
1418 2119 1594 2151 redierant
1617 2118 1820 2159 Bononiam,
1837 2128 2003 2163 ceperunt

153 2169 347 2211 Johannem
371 2170 415 2202 de
438 2168 670 2214 Bentevoglis‚
695 2171 755 2214 qui
778 2181 814 2202 se
837 2170 1103 2203 abscondiderat
1128 2171 1165 2202 in
1188 2172 1337 2214 quadam
1355 2172 1456 2204 domo
1472 2182 1581 2214 prope
1604 2173 1785 2205 ecclesiam
1810 2175 1920 2206 sancti
1935 2173 2003 2206 Ar-

126 2215 133 2219 *
155 2222 306 2265 cangeli;
323 2228 357 2254 et
374 2222 488 2255 dictus
510 2223 685 2266 Johannes
707 2224 863 2256 reddidit
887 2235 922 2256 se
946 2224 1066 2256 comiti
1090 2223 1255 2256 Alberico
1279 2231 1314 2257 et
1337 2225 1405 2257 fuit
1437 2226 1560 2257 ductus
1583 2226 1620 2257 in
1643 2227 1774 2268 platea3
1799 2233 1833 2259 et
1856 2229 2003 2269 populus

155 2281 305 2307 armatus
328 2281 402 2308 erat
425 2276 462 2307 in
485 2277 600 2318 platea
623 2281 657 2308 et
681 2283 846 2319 ceperunt
870 2277 1002 2310 dictum
1024 2277 1215 2320 Johannem
1247 2283 1280 2310 et
1311 2277 1379 2310 fuit
1402 2279 1600 2310 vulneratus
1622 2285 1656 2311 et
1680 2280 1829 2311 finaliter
1851 2287 2004 2313 mortuus

155 2333 189 2359 et
212 2334 330 2370 postea
354 2329 505 2370 sepultus
528 2339 606 2362 cum
629 2330 767 2362 modico
790 2330 920 2362 honore
943 2331 989 2362 ad
1013 2330 1178 2363 Sanctum
1201 2330 1369 2373 Jacobum
1393 2332 1538 2363 fratrum
1562 2332 1815 2364 Heremitarum
1839 2333 1875 2364 in
1898 2334 2004 2366 archa

90 2381 132 2411 40
156 2390 227 2412 sua.
274 2381 344 2413 Sed
368 2381 420 2413 illi
445 2392 567 2414 novem
590 2383 723 2415 antiani
748 2383 888 2415 fuerunt
918 2384 1019 2415 valde
1049 2383 1150 2425 probi
1181 2383 1347 2422 homines,
1379 2384 1461 2426 quia
1491 2384 1552 2416 alii
1583 2385 1715 2417 antiani
1746 2386 1856 2418 solent
1887 2387 2003 2418 facere

155 2433 298 2465 offitium
322 2444 419 2466 suum
443 2435 479 2466 in
504 2435 637 2468 duobus
660 2435 833 2468 mensibus
856 2441 890 2468 et
913 2436 972 2468 isti
995 2437 1153 2468 fecerunt
1178 2437 1214 2468 in
1239 2436 1373 2469 duobus
1397 2437 1527 2472 diebus.

245 2486 378 2519 Eodem
407 2498 510 2526 anno,
543 2488 600 2520 die
628 2498 680 2529 X1J
708 2488 797 2531 julii.
825 2508 866 2512 —
890 2487 1154 2521 Ambaxiatores
1185 2489 1342 2521 comunis
1371 2489 1549 2522 Bononiae
1580 2491 1715 2523 iverunt
1737 2492 1792 2535 ‘ad
1824 2492 2000 2524 dominum

156 2540 279 2572 ducem
301 2539 505 2579 Mediolani,
523 2541 698 2574 dominum
719 2541 906 2581 Bononiae,
922 2543 969 2574 ad
984 2543 1271 2586 congaudendum
1287 2553 1402 2575 secum
1420 2544 1462 2575 de
1479 2544 1634 2576 dominio
1649 2550 1683 2576 et
1699 2545 1865 2586 petendas
1881 2546 2005 2578 multas

155 2592 286 2636 gratias
308 2593 352 2625 ab
375 2603 416 2626 eo
439 2599 473 2625 et
497 2594 719 2627 obtinuerunt
742 2595 786 2628 ab
809 2605 861 2627 eo.
907 2595 952 2627 Et
976 2595 1050 2637 ipse
1074 2595 1163 2627 dixit
1187 2596 1281 2638 quod
1305 2596 1442 2628 volebat
1466 2597 1560 2639 quod
1575 2597 1670 2629 fieret
1694 2609 1762 2629 una
1786 2598 1950 2630 citadella
1966 2599 2003 2630 in

90 2642 131 2676 45
156 2643 329 2684 Bononia;
346 2652 380 2678 et
396 2647 447 2679 sic
463 2648 549 2679 fecit
566 2647 675 2689 ipsam
690 2648 775 2687 fieri,
792 2659 879 2691 quae
895 2648 964 2681 fuit
979 2648 1141 2690 incoepta
1157 2648 1214 2680 die
1230 2658 1338 2690 xme
1353 2649 1500 2693 augusti,
1517 2656 1550 2681 et
1566 2651 1661 2682 facta
1677 2650 1745 2683 fuit
1761 2661 1839 2682 cum
1855 2651 2004 2684 maximo

158 2699 283 2731 damno
306 2705 340 2731 et
363 2699 587 2732 tribulatione
610 2699 888 2734 Bononiensium.
934 2701 980 2734 Et
1002 2701 1068 2734 isto
1092 2708 1246 2744 tempore
1269 2702 1411 2734 Nannes
1427 2703 1470 2735 de
1487 2703 1676 2735 Gozadinis
1699 2704 1845 2736 accessit
1867 2704 2004 2736 Medio-

156 2751 272 2784 lanum
296 2753 342 2785 ad
366 2753 498 2785 dictum
523 2754 699 2786 dominum
723 2755 858 2794 ducam,
882 2760 920 2787 ut
943 2756 1137 2788 attenderet
1159 2755 1226 2787 sibi
1251 2761 1362 2788 certas
1385 2756 1628 2797 promissiones
1644 2756 1711 2789 sibi
1726 2757 1854 2795 factas3
1872 2763 1906 2790 et
1923 2758 2004 2789 dum

156 2804 206 2837 ibi
229 2812 317 2838 esset
339 2812 374 2838 et
396 2806 539 2840 videbat
561 2817 596 2840 se
620 2808 774 2840 delusum
797 2814 832 2841 et
856 2808 938 2841 duci
961 2818 1023 2851 per
1045 2808 1161 2848 verba,
1185 2808 1259 2851 ipse
1283 2809 1440 2842 discessit
1463 2814 1497 2842 et
1520 2810 1657 2854 aufugit
1681 2815 1829 2843 castrum
1853 2810 1954 2844 Centi
1971 2815 2006 2844 et

245 2944 276 2971 32
298 2938 385 2973 Petri]
400 2940 491 2972 prima
510 2948 559 2967 era
576 2941 667 2966 scritto
685 2940 822 2967 IohannIs
836 2941 886 2974 poi
894 2941 933 2976 fu
950 2942 1102 2967 cancellato

2073 758 2153 778 1:155
2168 760 2182 773 α

2108 1927 2155 1945 un...
2173 1921 2212 1941 210

2076 2511 2098 2526 c.
2114 2504 2158 2528 153
2173 2511 2187 2524 a
