2242 3418
163 180 245 217 [ΛΑ.
263 184 347 209 1411-
350 182 433 215 1412]
745 173 1067 210 MEMORIALE
1096 172 1423 208 HISTORICUM
1698 183 1699 187 ¹
1955 172 2002 208 99

164 308 281 340 datum
296 307 364 340 fuit
378 318 385 339 :
402 325 442 329 —
455 306 545 339 Viva
561 306 583 338 ’l
597 306 727 348 popolo
741 317 759 338 e
774 306 806 337 le
822 305 904 337 artil
918 323 959 327 —
972 309 1006 336 et
1023 303 1180 336 robatum
1196 303 1263 335 fuit
1278 302 1451 345 palacium
1469 302 1600 334 domini
1613 302 1718 346 legati
1735 307 1769 334 et
1785 303 1859 345 ipse
1874 303 2013 347 aufugit

162 361 198 392 in
223 361 324 393 domo
349 360 479 392 domini
502 359 712 392 Melchionis
728 358 785 391 de'
801 358 947 391 Mazolis
969 357 1178 389 mercatoris.
1225 356 1269 388 Et
1292 356 1378 387 facti
1401 356 1542 387 fuerunt
1563 355 1696 388 antiani
1720 361 1754 388 et
1770 356 2009 395 confalonerii,

161 413 348 446 secundum
371 413 511 445 modum
534 413 620 445 alias
643 412 805 444 usitatum
828 416 862 444 et
886 411 1104 443 Hostexanus
1129 410 1172 442 de
1194 408 1431 452 Plantavignis
1455 408 1610 440 notarius
1632 408 1701 441 fuit
1727 408 1859 451 primus
1889 410 2011 441 confa-

161 466 313 498 lonerius
335 465 497 508 justitiae.
543 465 589 498 Et
613 465 707 498 dicta
731 464 788 497 die
810 464 880 496 fuit
903 463 1043 496 robatus
1066 467 1227 505 potestas,
1247 461 1307 504 qui
1331 460 1522 494 vocabatur
1543 460 1718 504 Argentus
1741 462 1785 494 de
1808 461 1960 504 spoleto,
1977 467 2012 494 et

102 517 120 550 5
160 520 274 551 factus
297 519 365 551 fuit
388 524 538 560 potestas
560 519 736 561 Johannes
759 518 803 549 de
825 515 1032 558 Aliprandis
1056 516 1099 548 de
1122 514 1334 547 Mediolano.

247 570 380 602 Eodem
404 580 505 607 anno,
530 570 586 601 die
609 578 661 609 v1J
683 568 781 612 junii.
799 586 840 590 —-
864 567 1014 600 Karolus
1031 566 1074 598 de
1089 565 1291 603 Malatestis,
1309 565 1368 608 qui
1384 564 1522 597 tenebat
1539 570 1687 597 castrum
1705 565 1828 598 Sancti
1842 566 2011 609 Johannis

158 623 205 654 im
221 622 406 660 Persiceto,
424 621 550 654 rebelle
566 621 721 654 comunis
743 620 929 658 Bononiae,
954 619 1096 651 intravit
1119 619 1232 661 ipsum
1256 623 1405 650 castrum
1429 628 1508 650 cum
1530 618 1690 662 gentibus
1713 619 1783 651 suis
1805 629 1987 652 armorum.

245 675 311 707 Die
334 685 372 716 XJ
396 675 481 707 dicti
506 675 640 707 mensis.
658 692 699 697 —
715 673 896 716 Equitavit
912 682 1036 716 magna
1052 682 1133 714 pars
1148 671 1267 713 populi
1289 676 1412 703 contra
1428 670 1594 703 Sanctum
1609 671 1803 714 Johannem
1826 671 1874 703 im
1897 671 2011 704 Persi-

158 734 235 761 ceto
258 733 294 761 et
317 728 475 760 dominus
505 727 680 771 Ricardus
711 727 754 759 de
781 725 920 768 Pepolis
950 730 1023 757 erat
1055 725 1250 757 conductor
1279 723 1399 766 populi
1429 729 1463 755 et
1494 724 1674 767 taglarum.
1721 724 1767 756 Et
1797 724 1863 757 ivit
1894 734 2010 757 secum

96 782 134 813 10
156 782 332 824 Johannes
354 781 460 814 Viani
484 781 650 818 becarius,
673 790 761 812 unus
783 790 826 812 ex
851 779 997 811 dominis
1026 778 1188 816 antianis,
1217 788 1321 809 causa
1352 777 1534 819 rompendi
1566 777 1698 810 dictum
1729 777 1927 816 Chamlum,
1951 778 2010 821 qui

156 835 251 866 venit
275 840 397 867 contra
419 843 554 866 ornnem
578 833 743 876 justitiam
767 833 814 865 ad
837 832 963 864 damna
986 831 1143 864 comunis
1165 830 1354 863 Bononiae.

244 887 310 919 Die
334 897 453 927 xxan
476 887 560 918 dicti
583 886 708 918 mensis
729 885 825 928 junii.
842 903 883 907 -—-
907 884 1057 916 Bandita
1088 883 1157 915 suit
1188 894 1258 925 pax
1287 882 1379 915 inter
1409 892 1555 915 comune
1577 883 1756 916 Bononiae
1779 889 1814 916 et
1836 894 1915 916 suos
1938 884 2010 916 col-

156 941 279 984 ligatos
293 946 328 973 et
345 940 476 973 dictum
499 939 686 973 Charolum
708 944 743 971 et
764 947 843 970 suos
866 937 1048 981 colligatos
1069 942 1105 969 et
1128 937 1241 969 dictus
1265 935 1434 969 Charolus
1456 937 1596 969 recessit
1620 937 1676 969 die
1698 936 1810 979 primo
1833 936 1907 980 julii
1930 947 2008 969 cum

93 1043 131 1076 15
155 991 483 1077 gemigolgessiznno
499 1043 549 1076 Μ.
551 1042 736 1081 CCCCXI,
761 1043 818 1075 die
841 1051 974 1082 xxv111J
997 1041 1083 1084 julii.
1101 1059 1142 1063 —
1159 1040 1326 1073 Dominus
1349 1040 1472 1073 Petrus
1494 1040 1643 1073 condam
1667 1027 1807 1073 Nicolai
1822 1040 1940 1073 Zillini
1955 1041 2009 1084 pi-

155 1098 299 1130 scatoris
319 1097 404 1140 juris
426 1098 556 1139 peritus
579 1097 646 1128 fuit
669 1096 895 1138 decapitatus,
919 1105 960 1127 eo
984 1094 1065 1138 quia
1089 1094 1219 1127 dictum
1236 1094 1313 1132 fuit,
1339 1094 1433 1136 quod
1456 1104 1526 1125 una
1549 1104 1627 1126 cum
1651 1094 1754 1126 certis
1776 1094 1855 1126 aliis
1870 1094 2008 1127 volebat

156 1151 273 1182 venire
300 1156 422 1183 contra
444 1155 569 1182 statum
591 1149 712 1192 populi
736 1148 966 1181 bononiensis.

243 1201 375 1234 Eodem
399 1211 501 1239 anno,
519 1200 575 1233 die
599 1209 637 1241 Χ]
660 1199 864 1231 novembris.
883 1217 924 1221 -—-
946 1197 1066 1231 Archa
1088 1198 1199 1230 sancti
1221 1197 1395 1230 Dominici
1418 1197 1485 1229 fuit
1508 1202 1640 1229 remota
1664 1197 1708 1230 de
1732 1198 1820 1236 loco,
1837 1197 1896 1231 ubi
1920 1208 2008 1230 sem-

154 1265 217 1297 per
238 1255 362 1292 fuerat,
385 1259 420 1286 et
442 1254 510 1286 fuit
532 1253 666 1285 elevata
688 1252 844 1293 superius
866 1252 902 1284 in
926 1252 997 1284 alto
1021 1251 1099 1283 loco
1123 1261 1186 1293 per
1208 1251 1334 1282 fratres
1358 1250 1469 1282 sancti
1492 1249 1667 1282 Dominici
1690 1250 1728 1282 in
1752 1251 1887 1292 capella
1903 1260 2005 1289 nova,

88 1309 131 1339 20
155 1317 242 1350 quae
265 1313 316 1339 est
338 1307 375 1339 in
398 1307 548 1339 claustro
571 1305 789 1343 monasterii;
820 1305 867 1337 ad
898 1308 986 1348 quae
1009 1304 1123 1336 omnia
1146 1308 1315 1336 venerunt
1339 1303 1472 1335 domini
1494 1303 1628 1335 antiani
1652 1308 1687 1335 et
1711 1303 1843 1336 domini
1867 1304 1912 1337 de
1935 1304 2007 1336 col-

153 1358 244 1402 legio
268 1357 422 1390 civitatis
445 1357 635 1390 Bononiae.

240 1409 308 1441 Die
331 1418 384 1450 er
409 1408 497 1441 dicti
522 1407 658 1440 mensis.
676 1425 718 1429 ——
733 1406 858 1440 Comes
880 1405 1121 1438 Branchucius
1145 1405 1189 1438 de
1213 1403 1363 1449 Fuligno
1387 1404 1532 1437 intravit
1549 1404 1691 1438 offitium
1714 1404 1924 1448 potestan'ae
1939 1405 2007 1438 Bo-

155 1462 292 1495 noniae.

239 1515 307 1547 Die
330 1524 410 1556 xer
433 1514 521 1548 dicti
544 1513 684 1546 mensis.
708 1531 749 1536 ——
773 1511 926 1545 Bandita
949 1511 1018 1544 fuit
1047 1511 1120 1556 liga
1150 1512 1246 1544 facta
1269 1511 1361 1543 inter
1390 1520 1537 1543 comune
1567 1511 1747 1544 Bononiae
1769 1515 1804 1544 et
1827 1511 2005 1544 dominum

85 1564 127 1598 25
152 1566 389 1598 marchionem
413 1564 605 1598 Ferrariae.

239 1619 371 1652 Eodem
394 1628 486 1651 anno
509 1623 544 1650 et
566 1626 692 1650 mense.
717 1635 758 1640 —-
782 1617 938 1650 Comune
960 1616 1141 1649 Bononiae
1163 1615 1258 1648 misit
1285 1614 1538 1648 ambaxiatores
1559 1615 1606 1648 ad
1630 1615 1809 1649 dominum
1832 1615 2005 1649 marchio-

150 1682 228 1704 nem
251 1671 442 1710 Ferrariae,
467 1670 643 1704 dominum
674 1670 866 1704 Romaeum
899 1669 943 1702 de
971 1667 1185 1702 Foscarariis
1225 1668 1371 1701 militem
1393 1674 1428 1701 et
1452 1669 1631 1702 doctorem
1662 1673 1697 1701 et
1726 1669 1927 1702 Mathaeum
1958 1669 2003 1702 de

150 1723 379 1756 Griffosibus.

83 1829 126 1861 30
148 1829 353 1862 interfectus
375 1828 420 1861 ab
442 1827 638 1872 Augustino
661 1838 722 1860 suo
746 1828 865 1861 fratre.

235 1881 488 1916 M.CCCCXII.
512 1881 646 1915 Eodem
669 1891 771 1921 anno,
795 1881 832 1928 in
857 1880 915 1914 die
937 1880 1050 1913 sancti
1073 1880 1206 1912 Tomae
1221 1880 1266 1913 de
1282 1879 1484 1913 Conturbia.
1508 1898 1550 1902 —
1575 1879 1737 1922 Sepultus
1758 1879 1827 1928 fuit
1843 1880 2001 1913 dominus

147 1935 403 1968 Bartolomaeus
427 1935 471 1967 de
494 1933 657 1973 saliceto,
681 1934 928 1966 famosissimus
950 1934 1064 1977 legum
1089 1934 1222 1972 doctor,
1253 1933 1301 1966 ad
1331 1932 1497 1966 Sanctum
1519 1932 1742 1965 Dominicum
1765 1943 1844 1965 cum
1875 1942 2002 1977 magno

147 1989 278 2021 honore
300 1993 335 2023 et
358 1987 480 2020 habuit
509 1987 636 2020 lectum
660 1987 697 2019 in
720 1993 828 2020 strata
850 1987 992 2029 publica
1015 1997 1094 2019 cum
1118 1986 1329 2019 baldachino
1352 1985 1519 2028 superine,
1543 1991 1647 2028 prout
1668 1985 1737 2019 sibi
1760 1985 2001 2025 conveniebat,

148 2044 183 2071 et
199 2039 298 2071 multi
314 2039 455 2071 fuerunt
470 2037 587 2070 vestiti
604 2038 648 2070 de
663 2048 780 2080 panno
803 2038 915 2082 nigro.

82 2091 123 2123 35
237 2091 369 2125 Eodem
391 2100 494 2123 anno.
520 2109 561 2114 —
584 2090 809 2132 Discopertus
833 2091 901 2123 fuit
924 2090 1067 2134 quidam
1090 2095 1267 2129 tractatus,
1292 2089 1350 2123 die
1373 2099 1426 2131 v1J
1448 2089 1583 2129 marcii,
1603 2100 1703 2133 quem
1727 2095 1912 2123 tractatum
1936 2090 2001 2123 du-

148 2144 432 2177 cebatdominus
455 2143 664 2176 Franciscus
687 2144 731 2176 de
755 2143 911 2176 Galuciis
934 2149 969 2176 et
992 2143 1153 2176 dominus
1168 2142 1417 2187 Aldreghettus
1440 2144 1484 2176 de
1506 2142 1751 2182 Lambertinis‚
1767 2143 1937 2176 Ponarius
1954 2143 1999 2176 de

125 2205 133 2209 ·
147 2197 330 2230 Fantuciis
352 2202 387 2230 et
410 2197 669 2229 Bartolomaeus
692 2196 736 2229 de
758 2196 881 2240 Muglo
904 2196 1069 2235 notarius,
1094 2196 1164 2240 qui,
1188 2205 1258 2229 una
1273 2206 1351 2228 cum
1376 2195 1568 2240 Gocadinis
1591 2202 1626 2229 et
1648 2196 1765 2229 multis
1787 2196 1877 2234 aliis,
1905 2196 1999 2229 vole-

139 2247 232 2283 ‘bant
255 2256 387 2282 mutare
410 2255 556 2287 statum3
571 2255 606 2282 et
623 2249 718 2292 capti
741 2250 882 2282 fuerunt
904 2249 1078 2292 praedicti
1101 2259 1230 2289 omnes,
1253 2255 1399 2292 excepto
1423 2249 1519 2282 dicto
1543 2249 1685 2282 domino
1712 2248 1913 2289 Francisco‚
1938 2250 1999 2293 qui

145 2303 299 2348 aufugit3
317 2308 351 2335 et
368 2303 464 2335 dicta
488 2303 532 2335 de
555 2312 658 2334 causa
682 2307 804 2345 captus
825 2302 894 2335 fuit
915 2302 1091 2346 Johannes
1114 2303 1247 2336 domini
1272 2302 1433 2347 Symonis
1457 2303 1501 2335 de
1517 2307 1637 2335 sancto
1654 2302 1817 2347 Georgio,
1834 2303 1893 2346 qui
1910 2303 1999 2336 obiit

81 2357 123 2388 40
146 2356 184 2388 in
216 2356 424 2389 carceribus.
471 2355 517 2387 Et
540 2360 669 2397 postea,
694 2355 751 2388 die
782 2365 874 2387 nono
906 2355 995 2388 dicti
1026 2356 1164 2395 mensis,
1195 2356 1311 2388 dictus
1343 2355 1503 2388 dominus
1524 2354 1760 2399 Aldreghetus
1783 2362 1817 2388 et
1839 2356 1998 2389 Bartolo-

147 2419 263 2442 maeus
287 2409 331 2442 de
353 2408 474 2452 Muglo
498 2408 639 2440 fuerunt
663 2408 853 2450 decapitati
870 2408 907 2440 in
923 2408 1038 2451 platea
1061 2408 1245 2441 occasione
1269 2408 1356 2441 dicti
1379 2414 1557 2441 tractatus.
1603 2408 1737 2447 Postea,
1755 2408 1813 2441 die
1835 2418 1886 2440 xv
1909 2409 1998 2442 dicti

146 2462 283 2500 mensis,
307 2461 477 2494 Ponarius
501 2461 545 2494 de
568 2460 750 2494 Fantuciis
765 2461 966 2503 praedictus
982 2461 1051 2494 fuit
1068 2461 1295 2504 decapitatus.
1341 2461 1475 2500 Postea,
1493 2460 1552 2494 die
1567 2470 1663 2502 xan
1681 2461 1770 2494 dicti
1786 2461 1923 2500 mensis,
1940 2462 1994 2494 illi

149 2513 193 2545 de
217 2512 407 2546 Gozadinis
430 2513 571 2545 fuerunt
595 2512 771 2545 confinati.

0 1977 17 2175 κρηῆναι-θ
0 1801 14 1962 *ww-'ew'
0 1690 12 1765 fies-:-
0 1646 11 1677 ‚2-
9 1622 15 1627 ,
0 1580 6 1586 2
0 1516 4 1519 v
4 1466 6 1468 -
2 1442 4 1445 -
4 1379 15 1397 ΑΔ

235 2563 367 2596 Eodem
390 2573 493 2601 anno,
519 2563 577 2595 die
607 2572 671 2603 xvj
699 2562 782 2607 maji
810 2563 903 2595 1412.
928 2581 970 2586 —
997 2563 1149 2605 Campus
1178 2563 1333 2607 gentium
1364 2563 1520 2596 comunis
1548 2563 1727 2595 Bononiae
1755 2563 1926 2606 equitavit
1947 2564 1995 2597 ad

81 2614 121 2647 45
148 2615 312 2648 Sanctum
335 2615 529 2658 Johannem
551 2616 600 2647 im
624 2615 799 2648 Persiceto
822 2621 858 2648 et
881 2615 1040 2648 dominus
1062 2615 1254 2660 Ricardus'
1278 2616 1322 2649 de
1345 2615 1485 2658 Pepolis
1500 2616 1568 2648 fuit
1588 2615 1799 2658 capitaneus.

234 2669 367 2701 Eodem
391 2677 493 2707 anno,
511 2668 569 2701 die
592 2677 675 2709 x111J
697 2668 785 2713 julii.
803 2687 845 2692 —
869 2668 1023 2701 Comune
1045 2667 1224 2701 Bononiae
1246 2669 1341 2701 misit
1365 2669 1451 2702 duos
1474 2668 1726 2701 ambaxiatores
1748 2669 1794 2701 ad
1818 2669 1995 2702 dominum

147 2722 270 2754 ducem
299 2720 504 2759 Mediolani,
535 2721 701 2754 videlicet
731 2721 908 2754 dominum
932 2721 1121 2754 Galiatium
1151 2722 1196 2755 de
1222 2721 1362 2764 Pepolis
1392 2719 1539 2754 militem
1560 2727 1596 2754 et
1619 2721 1796 2754 dominum
1826 2721 1995 2765 Jacobum

145 2774 314 2818 Johannis
336 2773 482 2806 Ysolani
507 2774 694 2807 doctorem.

233 2889 264 2907 ιι
285 2881 440 2914 Bononiae]
459 2890 485 2906 se
472 2890 540 2914 egrae
557 2890 617 2907 rasc
604 2883 647 2906 cib
645 2886 726 2907 utura
744 2882 773 2906 di
790 2882 839 2907 due
857 2883 927 2907 lmee
946 2896 979 2902 —
1001 2889 1047 2916 29-
1049 2889 1084 2915 30
1102 2884 1216 2908 Notizua
1242 2891 1311 2916 agg.
1331 2882 1382 2922 pia
1405 2883 1482 2909 tardi
1499 2897 1531 2902 ——-
1551 2887 1585 2916 37
1604 2883 1825 2917 Bartolomaeus]
1850 2884 1944 2909 scritto
1961 2892 1992 2909 su

143 2924 264 2957 Jacobus
281 2925 426 2949 cancellato
445 2937 478 2942 —
496 2932 532 2957 44
552 2924 631 2957 ¹41²]
649 2923 783 2957 agg.p1'u
802 2925 880 2950 tardi

0 2609 17 2996 *uwwm—*mmw-v-m-
2 2570 4 2577 ‚⁴
3 2504 7 2506 Α
1 2460 2 2464 Α

238 1777 371 1809 Eodem
393 1785 496 1815 anno,
520 1775 578 1809 die
601 1775 722 1818 quinto
747 1773 950 1808 decembris.
978 1792 1020 1797 —
1045 1773 1251 1807 Guilielmus
1276 1773 1320 1807 de
1342 1772 1471 1806 Altedo
1494 1773 1567 1806 sive
1599 1774 1643 1806 de
1673 1752 1904 1806 Cazanimicis
1935 1773 2004 1806 fuit
2036 1821 2038 1823 ι

2086 368 2162 392 Mus..
2178 369 2215 388 21⁹

2071 2579 2091 2595 c.
2105 2573 2148 2598 1⁶⁹
2163 2573 2175 2594 ὁ

2068 2627 2146 2650 Mun..
2161 2626 2203 2647 220
