2254 3418
127 230 212 267 [ΑΛ.
233 233 316 260 4448
338 231 376 259 A.
397 233 446 261 cr.
460 248 476 254 -
490 230 556 267 815]

382 1172 497 1196 UNDUS
525 1167 661 1195 creatus
690 1162 756 1194 fuit
785 1167 863 1194 ante
892 1162 1183 1194 constructionem
1210 1161 1303 1194 urbis
1332 1162 1467 1195 Romae
1496 1173 1560 1204 per
1589 1173 1698 1195 annos
1727 1164 1965 1206 quatuormilia

396 1217 648 1260 quadringenta
671 1216 868 1259 octuaginta
891 1221 1046 1258 quatuor.

468 1270 562 1303 Urbs
584 1271 720 1302 Romae
746 1274 941 1302 constructa
963 1269 1029 1301 fuit
1052 1274 1132 1300 ante
1154 1267 1366 1301 nativitatem
1397 1268 1535 1300 Domini
1565 1269 1672 1301 nostri
1702 1269 1809 1301 Hiesu
1836 1268 1965 1302 Christi

394 1336 458 1368 per
481 1323 716 1366 septingentos
739 1321 988 1365 quinquaginta
1009 1321 1109 1354 unius
1130 1332 1226 1354 anos.

77 1376 96 1410 5
210 1379 319 1421 [Anno
342 1378 485 1412 Domini
515 1375 806 1417 CCCOXXIIJ,
830 1376 885 1407 die
913 1375 1028 1418 primo
1050 1375 1145 1417 iunii,
1169 1376 1323 1419 incoepta
1336 1374 1418 1419 fuit
1438 1376 1636 1419 raedificari
1656 1376 1775 1408 civitas
1796 1376 1966 1410 Bononiae

118 1435 184 1476 per
211 1433 244 1464 T
243 1433 416 1465 eodoxium
439 1432 691 1474 imperatorem,
714 1428 775 1460 sed
795 1427 972 1471 aedificari
990 1427 1149 1471 perfecta
1170 1439 1272 1471 usque
1293 1429 1341 1460 ad
1361 1429 1449 1460 diem
1471 1429 1648 1460 secundam
1670 1429 1749 1461 iulii
1767 1430 1926 1472 proximi.

207 1485 305 1518 Anno
321 1485 464 1519 Domini
490 1482 600 1517 VI⁰X
620 1500 657 1505 —
682 1481 855 1513 Instructo
869 1480 949 1524 fuit
953 1479 1085 1525 festum
1100 1481 1246 1513 omnium
1261 1486 1452 1514 sanctorum
1474 1492 1496 1513 a
1517 1485 1630 1513 sancto
1652 1481 1833 1526 Bonifacio
1855 1486 1962 1526 papa.

205 1540 259 1571 Et
280 1550 317 1571 eo
340 1541 492 1582 tempore
504 1536 586 1580 fuit
606 1535 838 1568 Machometus
850 1533 967 1577 falsus
988 1533 1148 1578 profecta
1171 1535 1232 1577 qui
1252 1535 1385 1577 decepit
1406 1533 1613 1577 Saracenos]

206 1591 311 1625 Anno
326 1591 465 1624 Domini
483 1589 556 1624 700.
570 1608 611 1612 —
627 1588 772 1630 Pipinus
783 1598 844 1619 rex
856 1587 1024 1620 Franciae
1041 1587 1084 1619 de
1100 1587 1262 1619 mandato
1279 1587 1446 1630 Stephani
1461 1598 1574 1630 papae
1590 1587 1619 1629 s[
1626 1611 1702 1620 .....
1710 1589 1721 1630 ]
1738 1588 1832 1621 venit
1846 1589 1882 1621 in
1898 1589 1965 1622 Ita-

0 1637 2 1641 *
56 1645 96 1678 10
119 1644 199 1678 liam
216 1656 295 1678 cum
311 1644 459 1677 maximo
476 1642 629 1676 exercitu
646 1647 680 1674 et
693 1640 809 1683 cep[it]
825 1650 943 1683 regem
955 1639 1129 1672 Astulfum
1147 1646 1181 1672 et
1196 1640 1282 1672 fecit
1295 1635 1407 1682 ipsum
1422 1640 1536 1673 iurare
1552 1647 1764 1674 sacramenta
1774 1642 1965 1675 Ecclesiae.

0 2113 11 2154 ''f-F
0 2085 2 2090 ,
0 2011 7 2067 ,wrm

11 2125 18 2138 a

0 2427 9 2457 s.

0 2740 13 2753 c

206 1698 342 1730 Eodem
365 1707 456 1729 anno
483 1695 557 1731 700.
580 1714 622 1719 —
647 1695 783 1736 Corpus
805 1693 916 1725 sancti
939 1693 1123 1725 Benedicti
1145 1693 1211 1725 fuit
1234 1693 1467 1726 translactum.

209 1750 318 1792 [Anno
339 1750 484 1784 Domini
510 1747 642 1782 VII⁶X
639 1748 667 1783 L
683 1766 724 1771 —
745 1746 944 1779 Teramotus
967 1756 1116 1789 magnus
1128 1745 1250 1790 factus
1272 1751 1321 1778 est
1342 1748 1392 1778 ita
1415 1747 1505 1789 quod
1524 1747 1620 1779 urbes
1642 1747 1730 1779 aliae
1750 1752 1827 1779 sunt
1847 1759 1963 1780 suver-

115 1815 172 1836 sae
194 1805 282 1836 aliae
304 1814 326 1835 a
348 1802 531 1835 montaneis
552 1802 602 1833 ad
619 1801 747 1833 subieta
777 1800 972 1843 canpestria
994 1810 1068 1831 cum
1098 1800 1206 1831 muris
1235 1803 1269 1831 et
1290 1799 1534 1832 habitatoribus
1563 1801 1631 1832 suis
1653 1801 1815 1843 integrae
1844 1805 1878 1832 et
1898 1801 1965 1833 sal-

116 1868 179 1889 vae
201 1858 293 1889 ultra
315 1867 372 1888 sex
394 1856 558 1888 milliaria
582 1853 922 1896 transmigaveruntJ.

55 1909 92 1942 15
205 1911 339 1943 Eodem
363 1909 529 1951 tempore.
547 1927 589 1931 —
605 1907 702 1940 Obiit
724 1906 868 1949 Pipinus
890 1917 952 1939 rex
973 1906 1144 1939 Franciae
1162 1911 1198 1939 et
1220 1907 1386 1939 successit
1409 1906 1473 1939 sibi
1495 1906 1663 1939 Charolus
1678 1906 1827 1951 Magnus
1843 1912 1878 1939 et
1894 1907 1962 1939 duo

116 1964 168 1996 sui
190 1963 252 1996 filii
274 1963 409 1996 Romae
432 1973 453 1994 a
474 1972 566 2004 papa
591 1959 748 1993 Adriano
771 1960 911 1992 assumti
933 1959 1074 1992 fuerunt
1097 1960 1133 1991 in
1157 1970 1267 2003 reges,
1294 1959 1459 1992 videlicet
1480 1959 1625 2002 Pipinus
1647 1971 1750 2002 super
1773 1960 1906 1993 Italiam
1930 1966 1965 1993 et

117 2016 318 2049 Ludovicus
341 2026 444 2058 super
466 2015 698 2058 Equitaniam.

203 2068 307 2101 Anno
330 2069 470 2101 Domini
493 2067 768 2101 VII.⁶LXXXII.
793 2085 835 2091 —
859 2066 955 2099 Obiit
977 2077 1069 2108 papa
1090 2064 1266 2098 Adrianus
1289 2071 1324 2098 et
1346 2066 1413 2098 fuit
1435 2065 1567 2099 electus
1589 2066 1625 2098 in
1648 2077 1773 2108 papam
1796 2066 1870 2098 Leo
1894 2072 1965 2098 ter-

116 2123 192 2161 tius,
216 2123 276 2165 qui
298 2122 458 2166 regnavit
480 2121 579 2154 annis
602 2130 652 2152 xx
676 2126 711 2153 et
733 2120 885 2162 quinque
909 2119 1084 2151 mensibus
1100 2124 1135 2152 et
1157 2129 1238 2160 XVIJ
1262 2119 1413 2151 diebus.·
1442 2117 1513 2156 Qui
1535 2119 1609 2151 Leo
1632 2120 1771 2156 tercius,
1795 2119 1875 2151 dum
1899 2120 1967 2151 iret

45 2177 92 2211 20
115 2176 151 2208 in
176 2176 232 2208 die
255 2176 367 2208 sancti
389 2174 528 2208 Marchi
551 2174 597 2206 ad
620 2174 786 2206 Sanctum
801 2172 943 2205 Petru'm
961 2183 1039 2205 cum
1056 2171 1200 2210 letaniis,
1216 2172 1283 2204 fuit
1299 2178 1421 2213 captus
1440 2178 1474 2204 et
1491 2172 1676 2204 caechatus
1693 2171 1736 2204 ab
1759 2171 1909 2203 inimicis
1932 2177 1967 2204 et

103 2229 183 2269 ‚fuit
199 2228 263 2262 sibi
278 2228 389 2261 incisa
405 2228 536 2272 ling-ua3
561 2227 624 2259 sed
638 2227 808 2259 Dominus
829 2232 947 2258 noster
955 2225 1079 2269 Jhesus
1095 2225 1251 2258 Christus
1275 2225 1423 2257 restituit
1439 2225 1504 2258 sibi
1519 2225 1629 2257 visum
1646 2230 1680 2256 et
1697 2224 1880 2267 loquelam.
1920 2225 1967 2257 Et

116 2282 264 2314 accessit
276 2282 322 2314 ad
334 2281 501 2314 Karolum
513 2291 631 2324 regem
647 2280 872 2318 Francorum,
886 2280 945 2322 qui
961 2279 1072 2321 ipsum
1086 2278 1275 2310 honorifice
1292 2278 1437 2319 recepit,
1450 2283 1485 2310 et
1500 2287 1658 2310 reversus
1674 2283 1724 2309 est
1739 2277 1873 2309 Romae
1888 2288 1966 2310 cum

116 2335 211 2368 dicto
233 2345 317 2379 rege
340 2334 472 2367 Karolo
495 2339 530 2366 et
553 2333 648 2366 facta
670 2333 737 2365 fuit
759 2343 885 2376 magna
906 2332 1063 2364 vindicta
1086 2331 1130 2364 de
1146 2331 1215 2363 suis
1229 2331 1388 2369 inimicis,
1406 2331 1509 2363 etiam
1533 2331 1627 2363 dicto
1650 2340 1741 2372 papa
1762 2330 1966 2372 purificante

115 2399 151 2420 se
175 2388 219 2420 de
243 2387 446 2431 quibusdam
464 2386 666 2420 criminibus
688 2386 835 2418 obiectis
857 2396 921 2428 per
944 2390 1205 2417 sacramentum.
1251 2384 1419 2416 Dominus
1441 2394 1503 2416 rex
1518 2383 1685 2416 Charolus
1700 2383 1767 2415 fuit
1783 2388 1966 2415 coronatus

49 2438 89 2472 25
114 2451 179 2483 per
201 2441 332 2473 dictum
356 2441 532 2473 dominum
555 2450 680 2482 papam
703 2439 892 2481 imperator
914 2438 1058 2471 Romae.

201 2492 305 2526 Anno
327 2493 467 2526 Domini
482 2492 671 2526 V111.⁰XV.
686 2510 728 2515 —
740 2492 836 2525 Obiit
853 2492 967 2524 dictus
983 2490 1151 2524 Charolus
1165 2490 1314 2534 Magnus
1338 2490 1394 2522 cui
1418 2489 1583 2522 successit
1606 2489 1642 2521 in
1666 2489 1811 2530 imperio
1833 2488 1964 2521 Ludoi-

114 2556 185 2585 cus,
202 2546 290 2578 filius
313 2557 408 2584 suus;
426 2556 494 2589 quo
517 2551 663 2584 mortuo,
679 2545 848 2583 Loterius,
866 2545 938 2577 eius
960 2543 1058 2582 filius,
1075 2544 1214 2586 accepit
1236 2543 1427 2585 imperium.
1468 2541 1540 2580 Qui
1555 2542 1755 2574 Ludovicus
1772 2552 1849 2574 cum
1872 2541 1967 2574 dicto

114 2598 256 2632 Lotario
280 2599 349 2631 filio
372 2609 432 2631 suo
455 2598 640 2641 imperavit
661 2598 761 2630 annis
783 2607 870 2630 xxv,

206 2701 217 2718 1
240 2694 294 2719 Con
312 2694 416 2719 Eodem
435 2694 563 2726 tempore
582 2692 609 2725 (l.
632 2692 674 2725 15)
693 2693 817 2718 comincia
835 2692 1009 2724 Pautografo
1033 2692 1106 2716 della
1130 2691 1199 2716 Bibl.
1222 2691 1362 2716 comunale
1380 2690 1410 2714 di
1426 2690 1557 2722 Bologna.
1593 2690 1633 2715 Le
1645 2690 1742 2721 parole
1760 2688 1806 2714 che
1819 2688 1967 2720 precedono

113 2735 141 2759 in
159 2738 293 2760 carattere
311 2736 388 2760 tondo
406 2734 672 2767 rappresentanoscib
690 2736 734 2759 che
751 2735 776 2759 si
792 2738 935 2759 conteneva
960 2735 1032 2759 nella
1051 2737 1133 2766 parte
1150 2734 1285 2765 superiore
1304 2733 1390 2764 (recto
1410 2741 1424 2756 e
1443 2731 1534 2763 verso)
1553 2731 1626 2756 della
1639 2731 1731 2763 prima
1749 2734 1835 2761 carta,
1856 2731 1935 2762 quale
1954 2728 1968 2754 ὲ

112 2780 185 2802 stata
204 2778 345 2802 trascm'tta
363 2778 398 2802 da
415 2779 521 2802 Matteo
541 2777 657 2811 Griffom
676 2777 790 2809 Juniore
809 2777 836 2801 in
853 2785 905 2801 una
923 2779 999 2801 carta
1019 2777 1127 2801 volante
1145 2777 1187 2800 che
1205 2776 1230 2799 si
1246 2782 1370 2800 conserva
1382 2776 1428 2799 nel
1438 2775 1473 2798 R.
1494 2769 1620 2799 archivio
1637 2773 1667 2797 di
1685 2773 1762 2798 Stato
1781 2773 1811 2797 di
1827 2773 1968 2804 Bologna‚·

113 2819 199 2850 quelle
216 2819 244 2843 in
261 2820 364 2844 corsivo
380 2823 474 2845 stanno
492 2829 510 2844 a
528 2822 731 2850 rappresentare
743 2818 783 2843 cib
800 2819 843 2843 che
855 2821 1010 2844 certamente
1022 2821 1161 2843 conteneva
1175 2819 1203 2842 la
1211 2820 1294 2848 parte
1307 2817 1439 2850 inferiore
1452 2816 1526 2840 della
1533 2816 1625 2847 prima
1638 2818 1716 2840 carta
1731 2829 1764 2833 —
1773 2814 1826 2846 gio
1838 2814 1868 2838 ai
1885 2814 1969 2845 tempi

68 2864 81 2891 5
112 2860 143 2885 di
158 2861 264 2886 Matteo
281 2860 394 2892 Jum'ore
411 2864 546 2887 mam-ante
565 2873 599 2878 —
617 2861 834 2895 dell’autograso
852 2869 865 2885 e
887 2868 948 2885 sono
966 2861 1104 2886 trascritte
1122 2860 1173 2885 dal
1188 2859 1244 2884 cod.
1263 2859 1336 2890 1456
1355 2858 1386 2891 (c.
1406 2863 1445 2888 15
1453 2867 1478 2889 a,
1498 2859 1545 2883 col.
1565 2858 1610 2890 1²)
1635 2857 1708 2882 della
1727 2856 1800 2882 Bz'bl.
1828 2855 1965 2883 Universi-

112 2903 185 2928 tarta
198 2903 228 2927 da·
235 2903 373 2935 Bologna5
390 2904 426 2937 cs.
440 2904 566 2929 szrAz.
597 2903 637 2928 Le
649 2904 759 2935 postilla
777 2903 930 2935 marginali
939 2903 967 2927 in
979 2906 1112 2928 carattere
1125 2903 1226 2927 corsivo
1238 2902 1358 2927 indicano
1372 2901 1439 2926 dove
1453 2901 1609 2925 cominciano
1626 2900 1650 2924 Ie
1664 2903 1737 2925 carte
1753 2899 1968 2932 dell’autografo

111 2945 318 2976 eorn‘spondentz·
333 2946 366 2970 al
374 2948 448 2971 testo.
467 2958 501 2963 --
520 2952 537 2977 4
555 2944 760 2979 septingentos]
779 2953 825 2969 ms.
844 2945 1033 2977 sepingentos.
1054 2959 1086 2963 —
1106 2950 1171 2975 9-10
1192 2942 1238 2969 cib
1251 2943 1295 2968 che
1314 2943 1359 2975 qui
1377 2941 1390 2967 ὲ
1409 2942 1541 2971 racchiuso
1561 2945 1604 2966 tra
1618 2941 1869 2978 parentesiquadre
1882 2948 1931 2965 non
1942 2941 1968 2968 si

116 2987 199 3022 legg«
217 2994 231 3011 o
251 2985 265 3011 ὲ
282 2990 411 3023 supposto.

2054 2496 2114 2518 ,ιδ
