<?xml version="1.0" encoding="UTF-8"?>
<!DOCTYPE html PUBLIC "-//W3C//DTD XHTML 1.0 Transitional//EN"
    "http://www.w3.org/TR/xhtml1/DTD/xhtml1-transitional.dtd">
<html xmlns="http://www.w3.org/1999/xhtml" xml:lang="en" lang="en">
 <head>
  <title>
</title>
<meta http-equiv="Content-Type" content="text/html;charset=utf-8" />
  <meta name='ocr-system' content='tesseract 3.04.00' />
  <meta name='ocr-capabilities' content='ocr_page ocr_carea ocr_par ocr_line ocrx_word'/>
</head>
<body>
  <div class='ocr_page' id='page_1' title='image "./rerumitalicarums182murauoft_0125.png"; bbox 0 0 2196 3424; ppageno 0'>
   <div class='ocr_carea' id='block_1_1' title="bbox 104 183 1945 224">
    <p class='ocr_par' dir='ltr' id='par_1_1' title="bbox 104 183 1945 224">
     <span class='ocr_line' id='line_1_1' title="bbox 104 183 1945 224; baseline 0.002 -8"><span class='ocrx_word' id='word_1_1' title='bbox 104 187 192 224; x_wconf 76' lang='grc' dir='ltr'><strong>[ΑΛ.</strong></span> <span class='ocrx_word' id='word_1_2' title='bbox 212 189 395 222; x_wconf 60' lang='grc'><strong>13354337]</strong></span> <span class='ocrx_word' id='word_1_3' title='bbox 697 183 1018 219; x_wconf 89' lang='lat' dir='ltr'><strong>MEMORIALE</strong></span> <span class='ocrx_word' id='word_1_4' title='bbox 1045 184 1369 220; x_wconf 82' lang='lat' dir='ltr'>HISTORICUM</span> <span class='ocrx_word' id='word_1_5' title='bbox 1898 186 1945 220; x_wconf 84' lang='grc'><strong>49</strong></span> 
     </span>
    </p>
   </div>
   <div class='ocr_carea' id='block_1_2' title="bbox 33 314 1951 2639">
    <p class='ocr_par' dir='ltr' id='par_1_2' title="bbox 59 314 1951 783">
     <span class='ocr_line' id='line_1_2' title="bbox 193 314 1948 349; baseline 0 -2"><span class='ocrx_word' id='word_1_6' title='bbox 193 314 326 347; x_wconf 88' lang='lat' dir='ltr'><strong>Eodem</strong></span> <span class='ocrx_word' id='word_1_7' title='bbox 349 324 475 347; x_wconf 89' lang='lat' dir='ltr'><strong>mense.</strong></span> <span class='ocrx_word' id='word_1_8' title='bbox 501 333 542 338; x_wconf 87' lang='lat'><strong>--—</strong></span> <span class='ocrx_word' id='word_1_9' title='bbox 565 315 734 348; x_wconf 81' lang='lat' dir='ltr'>Dominus</span> <span class='ocrx_word' id='word_1_10' title='bbox 758 315 964 348; x_wconf 90' lang='lat' dir='ltr'><strong>Franciscus</strong></span> <span class='ocrx_word' id='word_1_11' title='bbox 996 315 1128 348; x_wconf 91' lang='lat' dir='ltr'><strong>domini</strong></span> <span class='ocrx_word' id='word_1_12' title='bbox 1159 316 1380 348; x_wconf 86' lang='lat' dir='ltr'><strong>Bernardutii</strong></span> <span class='ocrx_word' id='word_1_13' title='bbox 1413 317 1456 349; x_wconf 93' lang='lat' dir='ltr'><strong>de</strong></span> <span class='ocrx_word' id='word_1_14' title='bbox 1487 317 1599 349; x_wconf 89' lang='lat' dir='ltr'><strong>Norsa</strong></span> <span class='ocrx_word' id='word_1_15' title='bbox 1627 316 1771 349; x_wconf 89' lang='lat' dir='ltr'><strong>intravit</strong></span> <span class='ocrx_word' id='word_1_16' title='bbox 1801 315 1948 348; x_wconf 87' lang='lat' dir='ltr'><strong>officium</strong></span> 
     </span>
     <span class='ocr_line' id='line_1_3' title="bbox 103 367 522 410; baseline 0.002 -11"><span class='ocrx_word' id='word_1_17' title='bbox 103 367 311 410; x_wconf 89' lang='lat' dir='ltr'><strong>potestariae</strong></span> <span class='ocrx_word' id='word_1_18' title='bbox 334 367 522 400; x_wconf 87' lang='lat' dir='ltr'><strong>Bononiae.</strong></span> 
     </span>
     <span class='ocr_line' id='line_1_4' title="bbox 189 420 1950 466; baseline 0.001 -14"><span class='ocrx_word' id='word_1_19' title='bbox 189 420 322 452; x_wconf 90' lang='lat' dir='ltr'><strong>Eodem</strong></span> <span class='ocrx_word' id='word_1_20' title='bbox 339 430 441 459; x_wconf 83' lang='lat' dir='ltr'><strong>anno,</strong></span> <span class='ocrx_word' id='word_1_21' title='bbox 459 421 503 453; x_wconf 92' lang='lat' dir='ltr'><strong>de</strong></span> <span class='ocrx_word' id='word_1_22' title='bbox 518 431 634 454; x_wconf 87' lang='lat' dir='ltr'><strong>mense</strong></span> <span class='ocrx_word' id='word_1_23' title='bbox 654 421 744 465; x_wconf 83' lang='lat' dir='ltr'><strong>julii.</strong></span> <span class='ocrx_word' id='word_1_24' title='bbox 762 440 803 444; x_wconf 93' lang='lat'>—</span> <span class='ocrx_word' id='word_1_25' title='bbox 821 421 902 454; x_wconf 88' lang='lat' dir='ltr'><strong>Fuit</strong></span> <span class='ocrx_word' id='word_1_26' title='bbox 918 431 1035 454; x_wconf 88' lang='lat' dir='ltr'><strong>rumor</strong></span> <span class='ocrx_word' id='word_1_27' title='bbox 1051 422 1087 454; x_wconf 90' lang='lat' dir='ltr'><strong>in</strong></span> <span class='ocrx_word' id='word_1_28' title='bbox 1111 421 1226 464; x_wconf 79' lang='lat' dir='ltr'><strong>platea</strong></span> <span class='ocrx_word' id='word_1_29' title='bbox 1241 422 1429 461; x_wconf 85' lang='lat' dir='ltr'><strong>Bononiae,</strong></span> <span class='ocrx_word' id='word_1_30' title='bbox 1446 433 1487 455; x_wconf 92' lang='lat' dir='ltr'><strong>eo</strong></span> <span class='ocrx_word' id='word_1_31' title='bbox 1504 423 1586 466; x_wconf 90' lang='lat' dir='ltr'><strong>quia</strong></span> <span class='ocrx_word' id='word_1_32' title='bbox 1609 423 1735 455; x_wconf 92' lang='lat' dir='ltr'><strong>banum</strong></span> <span class='ocrx_word' id='word_1_33' title='bbox 1759 428 1833 454; x_wconf 89' lang='lat' dir='ltr'><strong>erat</strong></span> <span class='ocrx_word' id='word_1_34' title='bbox 1857 422 1950 465; x_wconf 93' lang='lat' dir='ltr'><strong>quod</strong></span> 
     </span>
     <span class='ocr_line' id='line_1_5' title="bbox 102 473 1950 518; baseline 0.001 -13"><span class='ocrx_word' id='word_1_35' title='bbox 102 473 226 511; x_wconf 89' lang='lat' dir='ltr'><strong>nullus,</strong></span> <span class='ocrx_word' id='word_1_36' title='bbox 250 473 497 517; x_wconf 86' lang='lat' dir='ltr'><strong>cujuscumque</strong></span> <span class='ocrx_word' id='word_1_37' title='bbox 520 474 733 506; x_wconf 89' lang='lat' dir='ltr'><strong>conditionis</strong></span> <span class='ocrx_word' id='word_1_38' title='bbox 759 480 857 513; x_wconf 86' lang='lat' dir='ltr'><strong>esset,</strong></span> <span class='ocrx_word' id='word_1_39' title='bbox 889 475 1031 507; x_wconf 82' lang='lat' dir='ltr'><strong>auderet</strong></span> <span class='ocrx_word' id='word_1_40' title='bbox 1062 480 1200 517; x_wconf 85' lang='lat' dir='ltr'><strong>portare</strong></span> <span class='ocrx_word' id='word_1_41' title='bbox 1229 475 1346 518; x_wconf 86' lang='lat' dir='ltr'><strong>aliqua</strong></span> <span class='ocrx_word' id='word_1_42' title='bbox 1376 486 1481 514; x_wconf 87' lang='lat' dir='ltr'><strong>arma,</strong></span> <span class='ocrx_word' id='word_1_43' title='bbox 1512 486 1616 518; x_wconf 82' lang='lat' dir='ltr'><strong>eques</strong></span> <span class='ocrx_word' id='word_1_44' title='bbox 1646 476 1700 507; x_wconf 89' lang='lat' dir='ltr'><strong>vel</strong></span> <span class='ocrx_word' id='word_1_45' title='bbox 1731 476 1846 517; x_wconf 90' lang='lat' dir='ltr'><strong>pedes,</strong></span> <span class='ocrx_word' id='word_1_46' title='bbox 1878 475 1950 506; x_wconf 91' lang='lat' dir='ltr'><strong>sive</strong></span> 
     </span>
     <span class='ocr_line' id='line_1_6' title="bbox 59 524 1951 571; baseline 0.001 -14"><span class='ocrx_word' id='word_1_47' title='bbox 59 524 78 557; x_wconf 88' lang='grc'>5</span> <span class='ocrx_word' id='word_1_48' title='bbox 103 525 212 558; x_wconf 85' lang='lat' dir='ltr'><strong>cives&#39;</strong></span> <span class='ocrx_word' id='word_1_49' title='bbox 228 526 301 558; x_wconf 85' lang='lat' dir='ltr'><strong>sive</strong></span> <span class='ocrx_word' id='word_1_50' title='bbox 323 527 493 564; x_wconf 59' lang='lat' dir='ltr'><strong>forensem</strong></span> <span class='ocrx_word' id='word_1_51' title='bbox 512 526 560 559; x_wconf 87' lang='lat' dir='ltr'><strong>&#39;et</strong></span> <span class='ocrx_word' id='word_1_52' title='bbox 576 527 636 559; x_wconf 91' lang='lat' dir='ltr'><strong>illa</strong></span> <span class='ocrx_word' id='word_1_53' title='bbox 652 528 710 560; x_wconf 90' lang='lat' dir='ltr'><strong>die</strong></span> <span class='ocrx_word' id='word_1_54' title='bbox 729 533 874 569; x_wconf 86' lang='lat' dir='ltr'><strong>accepta</strong></span> <span class='ocrx_word' id='word_1_55' title='bbox 889 528 1026 560; x_wconf 80' lang='lat' dir='ltr'><strong>fuerant</strong></span> <span class='ocrx_word' id='word_1_56' title='bbox 1042 538 1137 561; x_wconf 86' lang='lat' dir='ltr'><strong>arma</strong></span> <span class='ocrx_word' id='word_1_57' title='bbox 1151 527 1308 570; x_wconf 88' lang='lat' dir='ltr'><strong>pluribus</strong></span> <span class='ocrx_word' id='word_1_58' title='bbox 1324 528 1518 561; x_wconf 76' lang='lat' dir='ltr'><strong>forensibus</strong></span> <span class='ocrx_word' id='word_1_59' title='bbox 1533 528 1778 570; x_wconf 88' lang='lat' dir='ltr'><strong>stipendiariis,</strong></span> <span class='ocrx_word' id='word_1_60' title='bbox 1795 528 1853 571; x_wconf 93' lang='lat' dir='ltr'><strong>qui</strong></span> <span class='ocrx_word' id='word_1_61' title='bbox 1870 538 1951 570; x_wconf 91' lang='lat' dir='ltr'><strong>por-</strong></span> 
     </span>
     <span class='ocr_line' id='line_1_7' title="bbox 102 578 1949 624; baseline 0.001 -14"><span class='ocrx_word' id='word_1_62' title='bbox 102 578 222 611; x_wconf 82' lang='lat' dir='ltr'><strong>tabant</strong></span> <span class='ocrx_word' id='word_1_63' title='bbox 245 589 341 611; x_wconf 88' lang='lat' dir='ltr'><strong>arma</strong></span> <span class='ocrx_word' id='word_1_64' title='bbox 364 585 486 611; x_wconf 88' lang='lat' dir='ltr'><strong>contra</strong></span> <span class='ocrx_word' id='word_1_65' title='bbox 510 580 641 612; x_wconf 91' lang='lat' dir='ltr'><strong>dictum</strong></span> <span class='ocrx_word' id='word_1_66' title='bbox 665 579 826 612; x_wconf 89' lang='lat' dir='ltr'><strong>bannum.</strong></span> <span class='ocrx_word' id='word_1_67' title='bbox 874 580 944 613; x_wconf 88' lang='lat' dir='ltr'><strong>Sed</strong></span> <span class='ocrx_word' id='word_1_68' title='bbox 967 580 1100 613; x_wconf 91' lang='lat' dir='ltr'><strong>accidit</strong></span> <span class='ocrx_word' id='word_1_69' title='bbox 1123 581 1217 623; x_wconf 93' lang='lat' dir='ltr'><strong>quod</strong></span> <span class='ocrx_word' id='word_1_70' title='bbox 1242 581 1401 613; x_wconf 88' lang='lat' dir='ltr'><strong>dominus</strong></span> <span class='ocrx_word' id='word_1_71' title='bbox 1415 582 1660 614; x_wconf 88' lang='lat' dir='ltr'><strong>Brandelixius</strong></span> <span class='ocrx_word' id='word_1_72' title='bbox 1680 582 1723 614; x_wconf 90' lang='lat' dir='ltr'><strong>de</strong></span> <span class='ocrx_word' id='word_1_73' title='bbox 1747 580 1949 624; x_wconf 74' lang='lat' dir='ltr'><strong>Gocadinis‚</strong></span> 
     </span>
     <span class='ocr_line' id='line_1_8' title="bbox 103 631 1949 677; baseline 0.001 -14"><span class='ocrx_word' id='word_1_74' title='bbox 103 641 182 664; x_wconf 90' lang='lat' dir='ltr'><strong>cum</strong></span> <span class='ocrx_word' id='word_1_75' title='bbox 204 631 379 674; x_wconf 80' lang='lat' dir='ltr'><strong>aliquibus</strong></span> <span class='ocrx_word' id='word_1_76' title='bbox 402 632 576 675; x_wconf 88' lang='lat' dir='ltr'><strong>equitibus</strong></span> <span class='ocrx_word' id='word_1_77' title='bbox 599 643 677 666; x_wconf 91' lang='lat' dir='ltr'><strong>cum</strong></span> <span class='ocrx_word' id='word_1_78' title='bbox 700 643 752 671; x_wconf 92' lang='lat' dir='ltr'><strong>eo,</strong></span> <span class='ocrx_word' id='word_1_79' title='bbox 776 633 945 666; x_wconf 87' lang='lat' dir='ltr'><strong>transibat</strong></span> <span class='ocrx_word' id='word_1_80' title='bbox 968 644 1031 675; x_wconf 89' lang='lat' dir='ltr'><strong>per</strong></span> <span class='ocrx_word' id='word_1_81' title='bbox 1052 634 1200 675; x_wconf 85' lang='lat' dir='ltr'><strong>plateam</strong></span> <span class='ocrx_word' id='word_1_82' title='bbox 1224 639 1258 666; x_wconf 91' lang='lat' dir='ltr'><strong>et</strong></span> <span class='ocrx_word' id='word_1_83' title='bbox 1282 633 1355 676; x_wconf 92' lang='lat' dir='ltr'><strong>ipse</strong></span> <span class='ocrx_word' id='word_1_84' title='bbox 1378 640 1412 666; x_wconf 89' lang='lat' dir='ltr'><strong>et</strong></span> <span class='ocrx_word' id='word_1_85' title='bbox 1436 644 1563 673; x_wconf 89' lang='lat' dir='ltr'><strong>omnes,</strong></span> <span class='ocrx_word' id='word_1_86' title='bbox 1588 634 1647 677; x_wconf 92' lang='lat' dir='ltr'><strong>qui</strong></span> <span class='ocrx_word' id='word_1_87' title='bbox 1670 639 1768 666; x_wconf 90' lang='lat' dir='ltr'><strong>erant</strong></span> <span class='ocrx_word' id='word_1_88' title='bbox 1791 644 1870 666; x_wconf 93' lang='lat' dir='ltr'><strong>cum</strong></span> <span class='ocrx_word' id='word_1_89' title='bbox 1897 643 1949 671; x_wconf 89' lang='lat' dir='ltr'><strong>eo,</strong></span> 
     </span>
     <span class='ocr_line' id='line_1_9' title="bbox 102 683 1949 729; baseline 0.001 -13"><span class='ocrx_word' id='word_1_90' title='bbox 102 683 250 717; x_wconf 85' lang='lat' dir='ltr'><strong>habebat</strong></span> <span class='ocrx_word' id='word_1_91' title='bbox 281 690 413 728; x_wconf 82' lang='lat' dir='ltr'><strong>spatam</strong></span> <span class='ocrx_word' id='word_1_92' title='bbox 444 691 478 718; x_wconf 90' lang='lat' dir='ltr'><strong>et</strong></span> <span class='ocrx_word' id='word_1_93' title='bbox 510 686 686 718; x_wconf 90' lang='lat' dir='ltr'><strong>cultellum</strong></span> <span class='ocrx_word' id='word_1_94' title='bbox 708 691 743 718; x_wconf 91' lang='lat' dir='ltr'><strong>et</strong></span> <span class='ocrx_word' id='word_1_95' title='bbox 766 686 901 718; x_wconf 81' lang='lat' dir='ltr'><strong>familia</strong></span> <span class='ocrx_word' id='word_1_96' title='bbox 924 686 1103 728; x_wconf 86' lang='lat' dir='ltr'><strong>potestatis</strong></span> <span class='ocrx_word' id='word_1_97' title='bbox 1126 686 1235 719; x_wconf 89' lang='lat' dir='ltr'><strong>voluit</strong></span> <span class='ocrx_word' id='word_1_98' title='bbox 1266 687 1426 729; x_wconf 86' lang='lat' dir='ltr'><strong>accipere</strong></span> <span class='ocrx_word' id='word_1_99' title='bbox 1456 698 1552 719; x_wconf 88' lang='lat' dir='ltr'><strong>arma</strong></span> <span class='ocrx_word' id='word_1_100' title='bbox 1575 687 1733 719; x_wconf 88' lang='lat' dir='ltr'><strong>omnibus</strong></span> <span class='ocrx_word' id='word_1_101' title='bbox 1756 686 1806 719; x_wconf 89' lang='lat' dir='ltr'><strong>eis</strong></span> <span class='ocrx_word' id='word_1_102' title='bbox 1829 692 1863 718; x_wconf 88' lang='lat' dir='ltr'><strong>et</strong></span> <span class='ocrx_word' id='word_1_103' title='bbox 1887 687 1949 718; x_wconf 90' lang='lat' dir='ltr'><strong>do-</strong></span> 
     </span>
     <span class='ocr_line' id='line_1_10' title="bbox 101 737 1948 783; baseline 0.002 -15"><span class='ocrx_word' id='word_1_104' title='bbox 101 737 214 769; x_wconf 89' lang='lat' dir='ltr'><strong>minus</strong></span> <span class='ocrx_word' id='word_1_105' title='bbox 236 737 480 771; x_wconf 88' lang='lat' dir='ltr'><strong>Brandelixius</strong></span> <span class='ocrx_word' id='word_1_106' title='bbox 503 738 652 771; x_wconf 90' lang='lat' dir='ltr'><strong>nolebat.</strong></span> <span class='ocrx_word' id='word_1_107' title='bbox 698 739 743 771; x_wconf 91' lang='lat' dir='ltr'><strong>Et</strong></span> <span class='ocrx_word' id='word_1_108' title='bbox 767 739 926 772; x_wconf 89' lang='lat' dir='ltr'><strong>dominus</strong></span> <span class='ocrx_word' id='word_1_109' title='bbox 949 744 1099 781; x_wconf 88' lang='lat' dir='ltr'><strong>potestas</strong></span> <span class='ocrx_word' id='word_1_110' title='bbox 1122 744 1196 772; x_wconf 91' lang='lat' dir='ltr'><strong>erat</strong></span> <span class='ocrx_word' id='word_1_111' title='bbox 1219 749 1321 781; x_wconf 92' lang='lat' dir='ltr'><strong>super</strong></span> <span class='ocrx_word' id='word_1_112' title='bbox 1346 740 1551 783; x_wconf 87' lang='lat' dir='ltr'><strong>arengheria</strong></span> <span class='ocrx_word' id='word_1_113' title='bbox 1574 745 1608 772; x_wconf 90' lang='lat' dir='ltr'><strong>et</strong></span> <span class='ocrx_word' id='word_1_114' title='bbox 1633 739 1771 772; x_wconf 89' lang='lat' dir='ltr'><strong>dicebat</strong></span> <span class='ocrx_word' id='word_1_115' title='bbox 1794 739 1948 772; x_wconf 80' lang='lat' dir='ltr'><strong>familiae</strong></span> 
     </span>
    </p>

    <p class='ocr_par' dir='ltr' id='par_1_3' title="bbox 39 789 1950 995">
     <span class='ocr_line' id='line_1_11' title="bbox 39 789 1950 835; baseline 0.002 -14"><span class='ocrx_word' id='word_1_116' title='bbox 39 789 78 822; x_wconf 89' lang='grc'><strong>10</strong></span> <span class='ocrx_word' id='word_1_117' title='bbox 100 800 193 822; x_wconf 89' lang='lat' dir='ltr'><strong>suae:</strong></span> <span class='ocrx_word' id='word_1_118' title='bbox 210 810 251 814; x_wconf 87' lang='lat'><strong>—</strong></span> <span class='ocrx_word' id='word_1_119' title='bbox 264 789 430 834; x_wconf 84' lang='lat' dir='ltr'><strong>Accipite</strong></span> <span class='ocrx_word' id='word_1_120' title='bbox 448 792 499 824; x_wconf 89' lang='lat' dir='ltr'><strong>eis</strong></span> <span class='ocrx_word' id='word_1_121' title='bbox 514 802 618 824; x_wconf 86' lang='lat' dir='ltr'><strong>arma.</strong></span> <span class='ocrx_word' id='word_1_122' title='bbox 634 810 674 815; x_wconf 86' lang='lat'><strong>-—</strong></span> <span class='ocrx_word' id='word_1_123' title='bbox 688 792 732 824; x_wconf 90' lang='lat' dir='ltr'><strong>Et</strong></span> <span class='ocrx_word' id='word_1_124' title='bbox 746 797 828 825; x_wconf 90' lang='lat' dir='ltr'><strong>tunc</strong></span> <span class='ocrx_word' id='word_1_125' title='bbox 841 792 976 824; x_wconf 79' lang='lat' dir='ltr'><strong>familia</strong></span> <span class='ocrx_word' id='word_1_126' title='bbox 988 792 1125 824; x_wconf 90' lang='lat' dir='ltr'><strong>volebat</strong></span> <span class='ocrx_word' id='word_1_127' title='bbox 1141 798 1273 825; x_wconf 86' lang='lat' dir='ltr'><strong>tanturn</strong></span> <span class='ocrx_word' id='word_1_128' title='bbox 1289 793 1339 825; x_wconf 89' lang='lat' dir='ltr'><strong>eis</strong></span> <span class='ocrx_word' id='word_1_129' title='bbox 1355 804 1449 825; x_wconf 88' lang='lat' dir='ltr'><strong>arma</strong></span> <span class='ocrx_word' id='word_1_130' title='bbox 1465 793 1634 835; x_wconf 90' lang='lat' dir='ltr'><strong>accipere.</strong></span> <span class='ocrx_word' id='word_1_131' title='bbox 1673 793 1775 825; x_wconf 88' lang='lat' dir='ltr'><strong>Tunc</strong></span> <span class='ocrx_word' id='word_1_132' title='bbox 1793 792 1950 825; x_wconf 91' lang='lat' dir='ltr'><strong>dominus</strong></span> 
     </span>
     <span class='ocr_line' id='line_1_12' title="bbox 99 843 1949 889; baseline 0.001 -13"><span class='ocrx_word' id='word_1_133' title='bbox 99 843 343 877; x_wconf 87' lang='lat' dir='ltr'><strong>Brandelixius</strong></span> <span class='ocrx_word' id='word_1_134' title='bbox 367 845 515 877; x_wconf 85' lang='lat' dir='ltr'><strong>extraxit</strong></span> <span class='ocrx_word' id='word_1_135' title='bbox 538 854 652 877; x_wconf 82' lang='lat' dir='ltr'><strong>ensem</strong></span> <span class='ocrx_word' id='word_1_136' title='bbox 677 846 721 877; x_wconf 93' lang='lat' dir='ltr'><strong>de</strong></span> <span class='ocrx_word' id='word_1_137' title='bbox 744 845 871 889; x_wconf 87' lang='lat' dir='ltr'><strong>vagina</strong></span> <span class='ocrx_word' id='word_1_138' title='bbox 894 850 928 877; x_wconf 90' lang='lat' dir='ltr'><strong>et</strong></span> <span class='ocrx_word' id='word_1_139' title='bbox 951 845 1111 877; x_wconf 89' lang='lat' dir='ltr'><strong>similiter</strong></span> <span class='ocrx_word' id='word_1_140' title='bbox 1133 855 1259 884; x_wconf 91' lang='lat' dir='ltr'><strong>omnes,</strong></span> <span class='ocrx_word' id='word_1_141' title='bbox 1284 846 1344 889; x_wconf 93' lang='lat' dir='ltr'><strong>qui</strong></span> <span class='ocrx_word' id='word_1_142' title='bbox 1367 851 1465 878; x_wconf 87' lang='lat' dir='ltr'><strong>erant</strong></span> <span class='ocrx_word' id='word_1_143' title='bbox 1488 857 1566 878; x_wconf 91' lang='lat' dir='ltr'><strong>cum</strong></span> <span class='ocrx_word' id='word_1_144' title='bbox 1590 856 1642 885; x_wconf 89' lang='lat' dir='ltr'><strong>eo,</strong></span> <span class='ocrx_word' id='word_1_145' title='bbox 1658 851 1692 878; x_wconf 91' lang='lat' dir='ltr'><strong>et</strong></span> <span class='ocrx_word' id='word_1_146' title='bbox 1715 845 1814 878; x_wconf 83' lang='lat' dir='ltr'><strong>multi</strong></span> <span class='ocrx_word' id='word_1_147' title='bbox 1837 850 1949 877; x_wconf 90' lang='lat' dir='ltr'><strong>traxe-</strong></span> 
     </span>
     <span class='ocr_line' id='line_1_13' title="bbox 101 897 1949 942; baseline 0.001 -14"><span class='ocrx_word' id='word_1_148' title='bbox 101 902 180 929; x_wconf 87' lang='lat' dir='ltr'><strong>runt</strong></span> <span class='ocrx_word' id='word_1_149' title='bbox 204 897 287 929; x_wconf 90' lang='lat' dir='ltr'><strong>illuc</strong></span> <span class='ocrx_word' id='word_1_150' title='bbox 311 903 345 930; x_wconf 91' lang='lat' dir='ltr'><strong>et</strong></span> <span class='ocrx_word' id='word_1_151' title='bbox 368 897 550 931; x_wconf 86' lang='lat' dir='ltr'><strong>trahebant</strong></span> <span class='ocrx_word' id='word_1_152' title='bbox 572 898 708 940; x_wconf 81' lang='lat' dir='ltr'><strong>lapides</strong></span> <span class='ocrx_word' id='word_1_153' title='bbox 730 898 892 940; x_wconf 84' lang='lat' dir='ltr'><strong>potestati</strong></span> <span class='ocrx_word' id='word_1_154' title='bbox 916 908 1019 940; x_wconf 90' lang='lat' dir='ltr'><strong>super</strong></span> <span class='ocrx_word' id='word_1_155' title='bbox 1040 898 1255 942; x_wconf 86' lang='lat' dir='ltr'><strong>arengheria,</strong></span> <span class='ocrx_word' id='word_1_156' title='bbox 1286 909 1329 931; x_wconf 86' lang='lat' dir='ltr'><strong>ex</strong></span> <span class='ocrx_word' id='word_1_157' title='bbox 1359 909 1427 941; x_wconf 92' lang='lat' dir='ltr'><strong>quo</strong></span> <span class='ocrx_word' id='word_1_158' title='bbox 1449 905 1599 941; x_wconf 85' lang='lat' dir='ltr'><strong>potestas</strong></span> <span class='ocrx_word' id='word_1_159' title='bbox 1622 898 1761 931; x_wconf 79' lang='lat' dir='ltr'><strong>recessit</strong></span> <span class='ocrx_word' id='word_1_160' title='bbox 1785 898 1828 930; x_wconf 89' lang='lat' dir='ltr'><strong>de</strong></span> <span class='ocrx_word' id='word_1_161' title='bbox 1850 907 1949 930; x_wconf 89' lang='lat' dir='ltr'><strong>aren-</strong></span> 
     </span>
     <span class='ocr_line' id='line_1_14' title="bbox 99 948 1868 995; baseline 0.001 -14"><span class='ocrx_word' id='word_1_162' title='bbox 99 948 236 992; x_wconf 86' lang='lat' dir='ltr'><strong>gheria;</strong></span> <span class='ocrx_word' id='word_1_163' title='bbox 261 956 296 982; x_wconf 89' lang='lat' dir='ltr'><strong>et</strong></span> <span class='ocrx_word' id='word_1_164' title='bbox 318 956 400 983; x_wconf 90' lang='lat' dir='ltr'><strong>tunc</strong></span> <span class='ocrx_word' id='word_1_165' title='bbox 425 951 493 984; x_wconf 77' lang='lat' dir='ltr'><strong>suit</strong></span> <span class='ocrx_word' id='word_1_166' title='bbox 515 961 659 995; x_wconf 87' lang='lat' dir='ltr'><strong>magnus</strong></span> <span class='ocrx_word' id='word_1_167' title='bbox 683 960 799 983; x_wconf 90' lang='lat' dir='ltr'><strong>rumor</strong></span> <span class='ocrx_word' id='word_1_168' title='bbox 821 951 859 982; x_wconf 90' lang='lat' dir='ltr'><strong>in</strong></span> <span class='ocrx_word' id='word_1_169' title='bbox 882 951 1012 993; x_wconf 87' lang='lat' dir='ltr'><strong>platea:</strong></span> <span class='ocrx_word' id='word_1_170' title='bbox 1037 957 1152 984; x_wconf 89' lang='lat' dir='ltr'><strong>tamen</strong></span> <span class='ocrx_word' id='word_1_171' title='bbox 1176 952 1219 984; x_wconf 92' lang='lat' dir='ltr'><strong>de</strong></span> <span class='ocrx_word' id='word_1_172' title='bbox 1242 952 1318 994; x_wconf 91' lang='lat' dir='ltr'><strong>ipso</strong></span> <span class='ocrx_word' id='word_1_173' title='bbox 1341 962 1477 984; x_wconf 89' lang='lat' dir='ltr'><strong>rumore</strong></span> <span class='ocrx_word' id='word_1_174' title='bbox 1501 952 1611 984; x_wconf 89' lang='lat' dir='ltr'><strong>nichil</strong></span> <span class='ocrx_word' id='word_1_175' title='bbox 1635 953 1766 984; x_wconf 85' lang='lat' dir='ltr'><strong>factum</strong></span> <span class='ocrx_word' id='word_1_176' title='bbox 1790 950 1868 983; x_wconf 76' lang='lat' dir='ltr'><strong>fuit.</strong></span> 
     </span>
    </p>

    <p class='ocr_par' dir='ltr' id='par_1_4' title="bbox 187 1002 1950 1048">
     <span class='ocr_line' id='line_1_15' title="bbox 187 1002 1950 1048; baseline 0.001 -13"><span class='ocrx_word' id='word_1_177' title='bbox 187 1002 320 1036; x_wconf 89' lang='lat' dir='ltr'><strong>Eodem</strong></span> <span class='ocrx_word' id='word_1_178' title='bbox 337 1013 439 1043; x_wconf 88' lang='lat' dir='ltr'><strong>anno,</strong></span> <span class='ocrx_word' id='word_1_179' title='bbox 457 1005 500 1036; x_wconf 92' lang='lat' dir='ltr'><strong>de</strong></span> <span class='ocrx_word' id='word_1_180' title='bbox 515 1013 630 1036; x_wconf 87' lang='lat' dir='ltr'><strong>mense</strong></span> <span class='ocrx_word' id='word_1_181' title='bbox 645 1004 792 1048; x_wconf 86' lang='lat' dir='ltr'><strong>aug-usti.</strong></span> <span class='ocrx_word' id='word_1_182' title='bbox 810 1022 851 1027; x_wconf 87' lang='lat'>—</span> <span class='ocrx_word' id='word_1_183' title='bbox 868 1002 950 1036; x_wconf 89' lang='lat' dir='ltr'><strong>Fuit</strong></span> <span class='ocrx_word' id='word_1_184' title='bbox 966 1013 1109 1048; x_wconf 88' lang='lat' dir='ltr'><strong>magnus</strong></span> <span class='ocrx_word' id='word_1_185' title='bbox 1125 1014 1242 1036; x_wconf 91' lang='lat' dir='ltr'><strong>rumor</strong></span> <span class='ocrx_word' id='word_1_186' title='bbox 1256 1005 1293 1036; x_wconf 93' lang='lat' dir='ltr'><strong>in</strong></span> <span class='ocrx_word' id='word_1_187' title='bbox 1308 1005 1476 1043; x_wconf 87' lang='lat' dir='ltr'><strong>Bononia,</strong></span> <span class='ocrx_word' id='word_1_188' title='bbox 1492 1014 1533 1037; x_wconf 91' lang='lat' dir='ltr'><strong>eo</strong></span> <span class='ocrx_word' id='word_1_189' title='bbox 1549 1005 1631 1047; x_wconf 89' lang='lat' dir='ltr'><strong>quia</strong></span> <span class='ocrx_word' id='word_1_190' title='bbox 1647 1005 1728 1037; x_wconf 91' lang='lat' dir='ltr'><strong>dum</strong></span> <span class='ocrx_word' id='word_1_191' title='bbox 1740 1003 1890 1047; x_wconf 88' lang='lat' dir='ltr'><strong>Jacobus</strong></span> <span class='ocrx_word' id='word_1_192' title='bbox 1906 1003 1950 1036; x_wconf 91' lang='lat' dir='ltr'><strong>de</strong></span> 
     </span>
    </p>

    <p class='ocr_par' dir='ltr' id='par_1_5' title="bbox 37 1053 1950 1311">
     <span class='ocr_line' id='line_1_16' title="bbox 37 1053 1949 1100; baseline 0.001 -13"><span class='ocrx_word' id='word_1_193' title='bbox 37 1053 75 1086; x_wconf 90' lang='lat'><strong>15</strong></span> <span class='ocrx_word' id='word_1_194' title='bbox 99 1054 251 1098; x_wconf 87' lang='lat' dir='ltr'><strong>Pepolis,</strong></span> <span class='ocrx_word' id='word_1_195' title='bbox 275 1056 365 1089; x_wconf 88' lang='lat' dir='ltr'><strong>filius</strong></span> <span class='ocrx_word' id='word_1_196' title='bbox 389 1057 521 1089; x_wconf 89' lang='lat' dir='ltr'><strong>domini</strong></span> <span class='ocrx_word' id='word_1_197' title='bbox 544 1056 679 1089; x_wconf 88' lang='lat' dir='ltr'><strong>Tadaei</strong></span> <span class='ocrx_word' id='word_1_198' title='bbox 704 1057 747 1089; x_wconf 90' lang='lat' dir='ltr'><strong>de</strong></span> <span class='ocrx_word' id='word_1_199' title='bbox 770 1056 918 1098; x_wconf 90' lang='lat' dir='ltr'><strong>Pepolis,</strong></span> <span class='ocrx_word' id='word_1_200' title='bbox 943 1057 1061 1089; x_wconf 87' lang='lat' dir='ltr'><strong>ivisset</strong></span> <span class='ocrx_word' id='word_1_201' title='bbox 1083 1057 1129 1089; x_wconf 89' lang='lat' dir='ltr'><strong>ad</strong></span> <span class='ocrx_word' id='word_1_202' title='bbox 1152 1057 1388 1099; x_wconf 86' lang='lat' dir='ltr'><strong>episcopatum</strong></span> <span class='ocrx_word' id='word_1_203' title='bbox 1410 1057 1588 1090; x_wconf 88' lang='lat' dir='ltr'><strong>Bononiae</strong></span> <span class='ocrx_word' id='word_1_204' title='bbox 1615 1058 1662 1090; x_wconf 87' lang='lat' dir='ltr'><strong>ad</strong></span> <span class='ocrx_word' id='word_1_205' title='bbox 1684 1053 1949 1100; x_wconf 83' lang='lat' dir='ltr'><strong>supplicandum</strong></span> 
     </span>
     <span class='ocr_line' id='line_1_17' title="bbox 99 1108 1950 1152; baseline 0.001 -12"><span class='ocrx_word' id='word_1_206' title='bbox 99 1108 275 1151; x_wconf 89' lang='lat' dir='ltr'><strong>episcopo,</strong></span> <span class='ocrx_word' id='word_1_207' title='bbox 298 1115 401 1151; x_wconf 90' lang='lat' dir='ltr'><strong>prout</strong></span> <span class='ocrx_word' id='word_1_208' title='bbox 423 1109 528 1142; x_wconf 88' lang='lat' dir='ltr'><strong>etiam</strong></span> <span class='ocrx_word' id='word_1_209' title='bbox 550 1109 667 1142; x_wconf 89' lang='lat' dir='ltr'><strong>multis</strong></span> <span class='ocrx_word' id='word_1_210' title='bbox 690 1109 769 1141; x_wconf 88' lang='lat' dir='ltr'><strong>aliis</strong></span> <span class='ocrx_word' id='word_1_211' title='bbox 792 1109 928 1142; x_wconf 90' lang='lat' dir='ltr'><strong>vicibus</strong></span> <span class='ocrx_word' id='word_1_212' title='bbox 951 1109 1071 1147; x_wconf 88' lang='lat' dir='ltr'><strong>iverat,</strong></span> <span class='ocrx_word' id='word_1_213' title='bbox 1101 1119 1165 1151; x_wconf 93' lang='lat' dir='ltr'><strong>pro</strong></span> <span class='ocrx_word' id='word_1_214' title='bbox 1192 1110 1342 1152; x_wconf 89' lang='lat' dir='ltr'><strong>quodam</strong></span> <span class='ocrx_word' id='word_1_215' title='bbox 1366 1120 1427 1142; x_wconf 87' lang='lat' dir='ltr'><strong>suo</strong></span> <span class='ocrx_word' id='word_1_216' title='bbox 1450 1110 1563 1142; x_wconf 90' lang='lat' dir='ltr'><strong>amico</strong></span> <span class='ocrx_word' id='word_1_217' title='bbox 1586 1120 1650 1152; x_wconf 93' lang='lat' dir='ltr'><strong>pro</strong></span> <span class='ocrx_word' id='word_1_218' title='bbox 1673 1109 1815 1142; x_wconf 86' lang='lat' dir='ltr'><strong>obtentu</strong></span> <span class='ocrx_word' id='word_1_219' title='bbox 1838 1109 1950 1152; x_wconf 89' lang='lat' dir='ltr'><strong>plebis</strong></span> 
     </span>
     <span class='ocr_line' id='line_1_18' title="bbox 101 1160 1950 1205; baseline 0.001 -12"><span class='ocrx_word' id='word_1_220' title='bbox 101 1160 220 1194; x_wconf 86' lang='lat' dir='ltr'><strong>Sancti</strong></span> <span class='ocrx_word' id='word_1_221' title='bbox 244 1162 414 1205; x_wconf 87' lang='lat' dir='ltr'><strong>Johannis</strong></span> <span class='ocrx_word' id='word_1_222' title='bbox 437 1163 474 1194; x_wconf 91' lang='lat' dir='ltr'><strong>in</strong></span> <span class='ocrx_word' id='word_1_223' title='bbox 497 1162 684 1200; x_wconf 89' lang='lat' dir='ltr'><strong>Persiceto‚</strong></span> <span class='ocrx_word' id='word_1_224' title='bbox 708 1173 796 1205; x_wconf 90' lang='lat' dir='ltr'><strong>quae</strong></span> <span class='ocrx_word' id='word_1_225' title='bbox 819 1168 901 1194; x_wconf 93' lang='lat' dir='ltr'><strong>tunc</strong></span> <span class='ocrx_word' id='word_1_226' title='bbox 925 1161 1083 1201; x_wconf 88' lang='lat' dir='ltr'><strong>vacabat,</strong></span> <span class='ocrx_word' id='word_1_227' title='bbox 1099 1167 1133 1194; x_wconf 93' lang='lat' dir='ltr'><strong>et</strong></span> <span class='ocrx_word' id='word_1_228' title='bbox 1149 1163 1281 1194; x_wconf 88' lang='lat' dir='ltr'><strong>amicus</strong></span> <span class='ocrx_word' id='word_1_229' title='bbox 1298 1163 1384 1194; x_wconf 92' lang='lat' dir='ltr'><strong>dicti</strong></span> <span class='ocrx_word' id='word_1_230' title='bbox 1407 1162 1529 1205; x_wconf 91' lang='lat' dir='ltr'><strong>Jacobi</strong></span> <span class='ocrx_word' id='word_1_231' title='bbox 1546 1173 1649 1204; x_wconf 92' lang='lat' dir='ltr'><strong>super</strong></span> <span class='ocrx_word' id='word_1_232' title='bbox 1670 1163 1732 1194; x_wconf 90' lang='lat' dir='ltr'><strong>illa</strong></span> <span class='ocrx_word' id='word_1_233' title='bbox 1755 1162 1856 1205; x_wconf 88' lang='lat' dir='ltr'><strong>plebe</strong></span> <span class='ocrx_word' id='word_1_234' title='bbox 1878 1162 1950 1194; x_wconf 89' lang='lat' dir='ltr'><strong>liti-</strong></span> 
     </span>
     <span class='ocr_line' id='line_1_19' title="bbox 98 1213 1950 1258; baseline 0.001 -12"><span class='ocrx_word' id='word_1_235' title='bbox 98 1213 203 1258; x_wconf 88' lang='lat' dir='ltr'><strong>gabat</strong></span> <span class='ocrx_word' id='word_1_236' title='bbox 219 1225 296 1247; x_wconf 90' lang='lat' dir='ltr'><strong>eum</strong></span> <span class='ocrx_word' id='word_1_237' title='bbox 313 1225 382 1247; x_wconf 89' lang='lat' dir='ltr'><strong>uno</strong></span> <span class='ocrx_word' id='word_1_238' title='bbox 405 1215 618 1254; x_wconf 90' lang='lat' dir='ltr'><strong>Florentino,</strong></span> <span class='ocrx_word' id='word_1_239' title='bbox 643 1215 757 1247; x_wconf 90' lang='lat' dir='ltr'><strong>dictus</strong></span> <span class='ocrx_word' id='word_1_240' title='bbox 778 1215 930 1258; x_wconf 89' lang='lat' dir='ltr'><strong>Jacobus</strong></span> <span class='ocrx_word' id='word_1_241' title='bbox 951 1215 1074 1247; x_wconf 89' lang='lat' dir='ltr'><strong>videns</strong></span> <span class='ocrx_word' id='word_1_242' title='bbox 1097 1215 1191 1257; x_wconf 91' lang='lat' dir='ltr'><strong>quod</strong></span> <span class='ocrx_word' id='word_1_243' title='bbox 1206 1215 1388 1257; x_wconf 91' lang='lat' dir='ltr'><strong>episcopus</strong></span> <span class='ocrx_word' id='word_1_244' title='bbox 1412 1215 1560 1248; x_wconf 89' lang='lat' dir='ltr'><strong>ducebat</strong></span> <span class='ocrx_word' id='word_1_245' title='bbox 1582 1216 1694 1257; x_wconf 89' lang='lat' dir='ltr'><strong>ipsum</strong></span> <span class='ocrx_word' id='word_1_246' title='bbox 1710 1226 1773 1258; x_wconf 91' lang='lat' dir='ltr'><strong>per</strong></span> <span class='ocrx_word' id='word_1_247' title='bbox 1787 1215 1893 1248; x_wconf 88' lang='lat' dir='ltr'><strong>verba</strong></span> <span class='ocrx_word' id='word_1_248' title='bbox 1915 1221 1950 1247; x_wconf 92' lang='lat' dir='ltr'><strong>et</strong></span> 
     </span>
     <span class='ocr_line' id='line_1_20' title="bbox 100 1267 1950 1311; baseline 0.001 -12"><span class='ocrx_word' id='word_1_249' title='bbox 100 1277 286 1310; x_wconf 85' lang='lat' dir='ltr'><strong>numquam</strong></span> <span class='ocrx_word' id='word_1_250' title='bbox 311 1268 450 1301; x_wconf 87' lang='lat' dir='ltr'><strong>dicebat</strong></span> <span class='ocrx_word' id='word_1_251' title='bbox 473 1267 540 1300; x_wconf 93' lang='lat' dir='ltr'><strong>sibi</strong></span> <span class='ocrx_word' id='word_1_252' title='bbox 563 1278 693 1306; x_wconf 88' lang='lat' dir='ltr'><strong>verum,</strong></span> <span class='ocrx_word' id='word_1_253' title='bbox 716 1267 837 1300; x_wconf 85' lang='lat' dir='ltr'><strong>habuit</strong></span> <span class='ocrx_word' id='word_1_254' title='bbox 853 1268 1019 1310; x_wconf 84' lang='lat' dir='ltr'><strong>aliqualia</strong></span> <span class='ocrx_word' id='word_1_255' title='bbox 1035 1267 1140 1300; x_wconf 89' lang='lat' dir='ltr'><strong>verba</strong></span> <span class='ocrx_word' id='word_1_256' title='bbox 1156 1278 1234 1300; x_wconf 91' lang='lat' dir='ltr'><strong>cum</strong></span> <span class='ocrx_word' id='word_1_257' title='bbox 1258 1268 1433 1310; x_wconf 85' lang='lat' dir='ltr'><strong>episcopo,</strong></span> <span class='ocrx_word' id='word_1_258' title='bbox 1457 1269 1702 1311; x_wconf 90' lang='lat' dir='ltr'><strong>conquerendo</strong></span> <span class='ocrx_word' id='word_1_259' title='bbox 1725 1269 1768 1301; x_wconf 91' lang='lat' dir='ltr'><strong>de</strong></span> <span class='ocrx_word' id='word_1_260' title='bbox 1791 1278 1832 1300; x_wconf 91' lang='lat' dir='ltr'><strong>eo</strong></span> <span class='ocrx_word' id='word_1_261' title='bbox 1856 1268 1950 1311; x_wconf 91' lang='lat' dir='ltr'><strong>quod</strong></span> 
     </span>
    </p>

    <p class='ocr_par' dir='ltr' id='par_1_6' title="bbox 34 1319 1949 1575">
     <span class='ocr_line' id='line_1_21' title="bbox 34 1319 1949 1364; baseline 0.001 -13"><span class='ocrx_word' id='word_1_262' title='bbox 34 1320 77 1351; x_wconf 90' lang='grc'><strong>20</strong></span> <span class='ocrx_word' id='word_1_263' title='bbox 99 1319 166 1352; x_wconf 91' lang='lat' dir='ltr'><strong>sibi</strong></span> <span class='ocrx_word' id='word_1_264' title='bbox 190 1326 317 1353; x_wconf 88' lang='lat' dir='ltr'><strong>tortum</strong></span> <span class='ocrx_word' id='word_1_265' title='bbox 340 1320 494 1354; x_wconf 78' lang='lat' dir='ltr'><strong>faciebat</strong></span> <span class='ocrx_word' id='word_1_266' title='bbox 516 1330 580 1363; x_wconf 91' lang='lat' dir='ltr'><strong>pro</strong></span> <span class='ocrx_word' id='word_1_267' title='bbox 603 1331 665 1353; x_wconf 92' lang='lat' dir='ltr'><strong>suo</strong></span> <span class='ocrx_word' id='word_1_268' title='bbox 687 1321 818 1358; x_wconf 79' lang='lat' dir='ltr'><strong>amico3</strong></span> <span class='ocrx_word' id='word_1_269' title='bbox 842 1326 876 1352; x_wconf 91' lang='lat' dir='ltr'><strong>et</strong></span> <span class='ocrx_word' id='word_1_270' title='bbox 899 1319 944 1352; x_wconf 92' lang='lat' dir='ltr'><strong>ob</strong></span> <span class='ocrx_word' id='word_1_271' title='bbox 967 1320 1006 1352; x_wconf 92' lang='lat' dir='ltr'><strong>id</strong></span> <span class='ocrx_word' id='word_1_272' title='bbox 1029 1320 1212 1363; x_wconf 90' lang='lat' dir='ltr'><strong>episcopus</strong></span> <span class='ocrx_word' id='word_1_273' title='bbox 1235 1331 1313 1353; x_wconf 89' lang='lat' dir='ltr'><strong>cum</strong></span> <span class='ocrx_word' id='word_1_274' title='bbox 1336 1331 1405 1353; x_wconf 93' lang='lat' dir='ltr'><strong>uno</strong></span> <span class='ocrx_word' id='word_1_275' title='bbox 1429 1321 1568 1353; x_wconf 94' lang='lat' dir='ltr'><strong>cultello</strong></span> <span class='ocrx_word' id='word_1_276' title='bbox 1591 1322 1760 1363; x_wconf 79' lang='lat' dir='ltr'><strong>percussit</strong></span> <span class='ocrx_word' id='word_1_277' title='bbox 1781 1321 1949 1364; x_wconf 91' lang='lat' dir='ltr'><strong>Jacobum</strong></span> 
     </span>
     <span class='ocr_line' id='line_1_22' title="bbox 100 1372 1948 1416; baseline 0.001 -12"><span class='ocrx_word' id='word_1_278' title='bbox 100 1372 144 1404; x_wconf 90' lang='lat' dir='ltr'><strong>de</strong></span> <span class='ocrx_word' id='word_1_279' title='bbox 166 1372 306 1415; x_wconf 90' lang='lat' dir='ltr'><strong>Pepolis</strong></span> <span class='ocrx_word' id='word_1_280' title='bbox 328 1383 432 1415; x_wconf 90' lang='lat' dir='ltr'><strong>super</strong></span> <span class='ocrx_word' id='word_1_281' title='bbox 454 1374 591 1406; x_wconf 91' lang='lat' dir='ltr'><strong>oculum</strong></span> <span class='ocrx_word' id='word_1_282' title='bbox 626 1379 660 1405; x_wconf 87' lang='lat' dir='ltr'><strong>et</strong></span> <span class='ocrx_word' id='word_1_283' title='bbox 694 1373 863 1416; x_wconf 87' lang='lat' dir='ltr'><strong>percussit</strong></span> <span class='ocrx_word' id='word_1_284' title='bbox 897 1382 1014 1411; x_wconf 88' lang='lat' dir='ltr'><strong>unum,</strong></span> <span class='ocrx_word' id='word_1_285' title='bbox 1050 1373 1109 1416; x_wconf 94' lang='lat' dir='ltr'><strong>qui</strong></span> <span class='ocrx_word' id='word_1_286' title='bbox 1145 1373 1335 1406; x_wconf 88' lang='lat' dir='ltr'><strong>vocabatur</strong></span> <span class='ocrx_word' id='word_1_287' title='bbox 1358 1372 1543 1412; x_wconf 88' lang='lat' dir='ltr'><strong>Amadore‚</strong></span> <span class='ocrx_word' id='word_1_288' title='bbox 1568 1374 1628 1416; x_wconf 94' lang='lat' dir='ltr'><strong>qui</strong></span> <span class='ocrx_word' id='word_1_289' title='bbox 1652 1379 1726 1406; x_wconf 89' lang='lat' dir='ltr'><strong>erat</strong></span> <span class='ocrx_word' id='word_1_290' title='bbox 1750 1384 1828 1406; x_wconf 92' lang='lat' dir='ltr'><strong>cum</strong></span> <span class='ocrx_word' id='word_1_291' title='bbox 1853 1373 1948 1406; x_wconf 91' lang='lat' dir='ltr'><strong>dicto</strong></span> 
     </span>
     <span class='ocr_line' id='line_1_23' title="bbox 98 1425 1948 1469; baseline 0 -11"><span class='ocrx_word' id='word_1_292' title='bbox 98 1426 240 1469; x_wconf 89' lang='lat' dir='ltr'><strong>Jacobo.</strong></span> <span class='ocrx_word' id='word_1_293' title='bbox 287 1426 332 1459; x_wconf 92' lang='lat' dir='ltr'><strong>Et</strong></span> <span class='ocrx_word' id='word_1_294' title='bbox 354 1437 433 1459; x_wconf 91' lang='lat' dir='ltr'><strong>cum</strong></span> <span class='ocrx_word' id='word_1_295' title='bbox 456 1426 522 1459; x_wconf 92' lang='lat' dir='ltr'><strong>hoc</strong></span> <span class='ocrx_word' id='word_1_296' title='bbox 546 1427 708 1459; x_wconf 88' lang='lat' dir='ltr'><strong>sentitum</strong></span> <span class='ocrx_word' id='word_1_297' title='bbox 731 1426 810 1464; x_wconf 73' lang='lat' dir='ltr'><strong>fuit,</strong></span> <span class='ocrx_word' id='word_1_298' title='bbox 833 1425 947 1458; x_wconf 89' lang='lat' dir='ltr'><strong>subito</strong></span> <span class='ocrx_word' id='word_1_299' title='bbox 970 1431 1044 1459; x_wconf 89' lang='lat' dir='ltr'><strong>tota</strong></span> <span class='ocrx_word' id='word_1_300' title='bbox 1067 1425 1191 1458; x_wconf 90' lang='lat' dir='ltr'><strong>civitas</strong></span> <span class='ocrx_word' id='word_1_301' title='bbox 1213 1426 1391 1458; x_wconf 85' lang='lat' dir='ltr'><strong>Bononiae</strong></span> <span class='ocrx_word' id='word_1_302' title='bbox 1414 1437 1450 1458; x_wconf 90' lang='lat' dir='ltr'><strong>se</strong></span> <span class='ocrx_word' id='word_1_303' title='bbox 1473 1427 1620 1459; x_wconf 86' lang='lat' dir='ltr'><strong>armavit</strong></span> <span class='ocrx_word' id='word_1_304' title='bbox 1643 1431 1678 1459; x_wconf 91' lang='lat' dir='ltr'><strong>et</strong></span> <span class='ocrx_word' id='word_1_305' title='bbox 1700 1436 1817 1459; x_wconf 89' lang='lat' dir='ltr'><strong>omnes</strong></span> <span class='ocrx_word' id='word_1_306' title='bbox 1841 1425 1948 1459; x_wconf 89' lang='lat' dir='ltr'><strong>cives&#39;</strong></span> 
     </span>
     <span class='ocr_line' id='line_1_24' title="bbox 99 1479 1948 1523; baseline 0.001 -13"><span class='ocrx_word' id='word_1_307' title='bbox 99 1479 222 1511; x_wconf 88' lang='lat' dir='ltr'><strong>armati</strong></span> <span class='ocrx_word' id='word_1_308' title='bbox 245 1485 463 1512; x_wconf 89' lang='lat' dir='ltr'><strong>accesserunt</strong></span> <span class='ocrx_word' id='word_1_309' title='bbox 486 1489 564 1512; x_wconf 91' lang='lat' dir='ltr'><strong>cum</strong></span> <span class='ocrx_word' id='word_1_310' title='bbox 587 1489 713 1523; x_wconf 87' lang='lat' dir='ltr'><strong>magno</strong></span> <span class='ocrx_word' id='word_1_311' title='bbox 736 1480 854 1511; x_wconf 84' lang='lat' dir='ltr'><strong>furore</strong></span> <span class='ocrx_word' id='word_1_312' title='bbox 876 1479 923 1511; x_wconf 88' lang='lat' dir='ltr'><strong>ad</strong></span> <span class='ocrx_word' id='word_1_313' title='bbox 945 1479 1182 1521; x_wconf 89' lang='lat' dir='ltr'><strong>episcopatum</strong></span> <span class='ocrx_word' id='word_1_314' title='bbox 1205 1479 1383 1511; x_wconf 87' lang='lat' dir='ltr'><strong>Bononiae</strong></span> <span class='ocrx_word' id='word_1_315' title='bbox 1399 1485 1433 1512; x_wconf 93' lang='lat' dir='ltr'><strong>et</strong></span> <span class='ocrx_word' id='word_1_316' title='bbox 1450 1479 1702 1512; x_wconf 90' lang='lat' dir='ltr'><strong>derobaverunt</strong></span> <span class='ocrx_word' id='word_1_317' title='bbox 1718 1479 1844 1517; x_wconf 89' lang='lat' dir='ltr'><strong>omnia,</strong></span> <span class='ocrx_word' id='word_1_318' title='bbox 1861 1490 1948 1522; x_wconf 90' lang='lat' dir='ltr'><strong>quae</strong></span> 
     </span>
     <span class='ocr_line' id='line_1_25' title="bbox 99 1530 1949 1575; baseline 0.001 -12"><span class='ocrx_word' id='word_1_319' title='bbox 99 1530 150 1564; x_wconf 93' lang='lat' dir='ltr'><strong>ibi</strong></span> <span class='ocrx_word' id='word_1_320' title='bbox 173 1531 388 1565; x_wconf 85' lang='lat' dir='ltr'><strong>invenerunt.</strong></span> <span class='ocrx_word' id='word_1_321' title='bbox 433 1532 480 1565; x_wconf 92' lang='lat' dir='ltr'><strong>Et</strong></span> <span class='ocrx_word' id='word_1_322' title='bbox 501 1532 684 1575; x_wconf 90' lang='lat' dir='ltr'><strong>episcopus</strong></span> <span class='ocrx_word' id='word_1_323' title='bbox 706 1542 770 1574; x_wconf 90' lang='lat' dir='ltr'><strong>per</strong></span> <span class='ocrx_word' id='word_1_324' title='bbox 790 1531 925 1575; x_wconf 86' lang='lat' dir='ltr'><strong>aliquos</strong></span> <span class='ocrx_word' id='word_1_325' title='bbox 948 1531 1055 1564; x_wconf 91' lang='lat' dir='ltr'><strong>bonos</strong></span> <span class='ocrx_word' id='word_1_326' title='bbox 1078 1531 1171 1564; x_wconf 87' lang='lat' dir='ltr'><strong>viros</strong></span> <span class='ocrx_word' id='word_1_327' title='bbox 1194 1532 1262 1564; x_wconf 81' lang='lat' dir='ltr'><strong>fuit</strong></span> <span class='ocrx_word' id='word_1_328' title='bbox 1285 1531 1518 1572; x_wconf 87' lang='lat' dir='ltr'><strong>absconditus,</strong></span> <span class='ocrx_word' id='word_1_329' title='bbox 1536 1542 1579 1564; x_wconf 89' lang='lat' dir='ltr'><strong>ne</strong></span> <span class='ocrx_word' id='word_1_330' title='bbox 1594 1538 1681 1565; x_wconf 88' lang='lat' dir='ltr'><strong>esset</strong></span> <span class='ocrx_word' id='word_1_331' title='bbox 1704 1538 1866 1565; x_wconf 90' lang='lat' dir='ltr'><strong>mortuus.</strong></span> <span class='ocrx_word' id='word_1_332' title='bbox 1904 1532 1949 1564; x_wconf 90' lang='lat' dir='ltr'><strong>Et</strong></span> 
     </span>
    </p>

    <p class='ocr_par' dir='ltr' id='par_1_7' title="bbox 34 1582 1951 1841">
     <span class='ocr_line' id='line_1_26' title="bbox 34 1582 1951 1628; baseline 0.002 -13"><span class='ocrx_word' id='word_1_333' title='bbox 34 1582 75 1615; x_wconf 84' lang='lat'><strong>25</strong></span> <span class='ocrx_word' id='word_1_334' title='bbox 100 1585 283 1617; x_wconf 86' lang='lat' dir='ltr'><strong>casualiter</strong></span> <span class='ocrx_word' id='word_1_335' title='bbox 304 1590 403 1618; x_wconf 90' lang='lat' dir='ltr'><strong>erant</strong></span> <span class='ocrx_word' id='word_1_336' title='bbox 425 1584 476 1617; x_wconf 90' lang='lat' dir='ltr'><strong>ibi</strong></span> <span class='ocrx_word' id='word_1_337' title='bbox 499 1585 608 1628; x_wconf 90' lang='lat' dir='ltr'><strong>aliqui</strong></span> <span class='ocrx_word' id='word_1_338' title='bbox 631 1585 714 1618; x_wconf 92' lang='lat' dir='ltr'><strong>boni</strong></span> <span class='ocrx_word' id='word_1_339' title='bbox 738 1585 904 1623; x_wconf 89' lang='lat' dir='ltr'><strong>homines,</strong></span> <span class='ocrx_word' id='word_1_340' title='bbox 928 1584 987 1628; x_wconf 92' lang='lat' dir='ltr'><strong>qui</strong></span> <span class='ocrx_word' id='word_1_341' title='bbox 1012 1590 1142 1617; x_wconf 89' lang='lat' dir='ltr'><strong>secrete</strong></span> <span class='ocrx_word' id='word_1_342' title='bbox 1165 1585 1377 1618; x_wconf 84' lang='lat' dir='ltr'><strong>sotiaverunt</strong></span> <span class='ocrx_word' id='word_1_343' title='bbox 1393 1585 1504 1627; x_wconf 90' lang='lat' dir='ltr'><strong>ipsum</strong></span> <span class='ocrx_word' id='word_1_344' title='bbox 1527 1591 1625 1618; x_wconf 86' lang='lat' dir='ltr'><strong>extra</strong></span> <span class='ocrx_word' id='word_1_345' title='bbox 1647 1586 1901 1628; x_wconf 88' lang='lat' dir='ltr'><strong>episcopatum;</strong></span> <span class='ocrx_word' id='word_1_346' title='bbox 1917 1590 1951 1618; x_wconf 89' lang='lat' dir='ltr'><strong>et</strong></span> 
     </span>
     <span class='ocr_line' id='line_1_27' title="bbox 99 1638 1948 1682; baseline 0.001 -12"><span class='ocrx_word' id='word_1_347' title='bbox 99 1643 228 1680; x_wconf 88' lang='lat' dir='ltr'><strong>postea,</strong></span> <span class='ocrx_word' id='word_1_348' title='bbox 253 1638 347 1671; x_wconf 83' lang='lat' dir='ltr'><strong>infra</strong></span> <span class='ocrx_word' id='word_1_349' title='bbox 369 1649 498 1681; x_wconf 91' lang='lat' dir='ltr'><strong>paucos</strong></span> <span class='ocrx_word' id='word_1_350' title='bbox 513 1639 588 1682; x_wconf 92' lang='lat' dir='ltr'><strong>ipse</strong></span> <span class='ocrx_word' id='word_1_351' title='bbox 602 1639 786 1681; x_wconf 92' lang='lat' dir='ltr'><strong>episeopus</strong></span> <span class='ocrx_word' id='word_1_352' title='bbox 801 1638 1016 1671; x_wconf 89' lang='lat' dir='ltr'><strong>clandestine</strong></span> <span class='ocrx_word' id='word_1_353' title='bbox 1032 1639 1173 1671; x_wconf 83' lang='lat' dir='ltr'><strong>recessit</strong></span> <span class='ocrx_word' id='word_1_354' title='bbox 1198 1639 1241 1670; x_wconf 91' lang='lat' dir='ltr'><strong>de</strong></span> <span class='ocrx_word' id='word_1_355' title='bbox 1265 1639 1409 1671; x_wconf 84' lang='lat' dir='ltr'><strong>civitate</strong></span> <span class='ocrx_word' id='word_1_356' title='bbox 1423 1639 1602 1671; x_wconf 87' lang='lat' dir='ltr'><strong>Bononiae</strong></span> <span class='ocrx_word' id='word_1_357' title='bbox 1626 1644 1660 1671; x_wconf 90' lang='lat' dir='ltr'><strong>et</strong></span> <span class='ocrx_word' id='word_1_358' title='bbox 1683 1639 1748 1672; x_wconf 90' lang='lat' dir='ltr'><strong>ivit</strong></span> <span class='ocrx_word' id='word_1_359' title='bbox 1772 1640 1948 1672; x_wconf 87' lang='lat' dir='ltr'><strong>civitatem</strong></span> 
     </span>
     <span class='ocr_line' id='line_1_28' title="bbox 100 1691 1948 1736; baseline 0.001 -13"><span class='ocrx_word' id='word_1_360' title='bbox 100 1691 306 1724; x_wconf 88' lang='lat' dir='ltr'><strong>Florentiae.</strong></span> <span class='ocrx_word' id='word_1_361' title='bbox 352 1691 397 1724; x_wconf 89' lang='lat' dir='ltr'><strong>Et</strong></span> <span class='ocrx_word' id='word_1_362' title='bbox 420 1692 531 1725; x_wconf 89' lang='lat' dir='ltr'><strong>visum</strong></span> <span class='ocrx_word' id='word_1_363' title='bbox 554 1692 622 1724; x_wconf 78' lang='lat' dir='ltr'><strong>fuit</strong></span> <span class='ocrx_word' id='word_1_364' title='bbox 652 1691 719 1724; x_wconf 86' lang='lat' dir='ltr'><strong>sibi</strong></span> <span class='ocrx_word' id='word_1_365' title='bbox 750 1691 833 1724; x_wconf 89' lang='lat' dir='ltr'><strong>satis</strong></span> <span class='ocrx_word' id='word_1_366' title='bbox 863 1691 988 1724; x_wconf 78' lang='lat' dir='ltr'><strong>fecisse</strong></span> <span class='ocrx_word' id='word_1_367' title='bbox 1019 1692 1167 1724; x_wconf 89' lang='lat' dir='ltr'><strong>evadere</strong></span> <span class='ocrx_word' id='word_1_368' title='bbox 1191 1692 1234 1724; x_wconf 94' lang='lat' dir='ltr'><strong>de</strong></span> <span class='ocrx_word' id='word_1_369' title='bbox 1257 1691 1416 1724; x_wconf 88' lang='lat' dir='ltr'><strong>manibus</strong></span> <span class='ocrx_word' id='word_1_370' title='bbox 1445 1692 1569 1735; x_wconf 90' lang='lat' dir='ltr'><strong>Jacobi</strong></span> <span class='ocrx_word' id='word_1_371' title='bbox 1602 1693 1645 1725; x_wconf 93' lang='lat' dir='ltr'><strong>de</strong></span> <span class='ocrx_word' id='word_1_372' title='bbox 1668 1692 1823 1735; x_wconf 86' lang='lat' dir='ltr'><strong>Pepolis3</strong></span> <span class='ocrx_word' id='word_1_373' title='bbox 1856 1693 1948 1736; x_wconf 87' lang='lat' dir='ltr'><strong>quia,</strong></span> 
     </span>
     <span class='ocr_line' id='line_1_29' title="bbox 99 1743 1949 1789; baseline 0.001 -13"><span class='ocrx_word' id='word_1_374' title='bbox 99 1743 250 1777; x_wconf 91' lang='lat' dir='ltr'><strong>dicendo</strong></span> <span class='ocrx_word' id='word_1_375' title='bbox 274 1745 463 1784; x_wconf 88' lang='lat' dir='ltr'><strong>veritatem,</strong></span> <span class='ocrx_word' id='word_1_376' title='bbox 487 1746 561 1788; x_wconf 87' lang='lat' dir='ltr'><strong>ipse</strong></span> <span class='ocrx_word' id='word_1_377' title='bbox 584 1745 672 1777; x_wconf 88' lang='lat' dir='ltr'><strong>male</strong></span> <span class='ocrx_word' id='word_1_378' title='bbox 695 1746 828 1777; x_wconf 78' lang='lat' dir='ltr'><strong>faceret</strong></span> <span class='ocrx_word' id='word_1_379' title='bbox 850 1745 1031 1777; x_wconf 88' lang='lat' dir='ltr'><strong>vulnerare</strong></span> <span class='ocrx_word' id='word_1_380' title='bbox 1053 1744 1233 1788; x_wconf 90' lang='lat' dir='ltr'><strong>Jacobum,</strong></span> <span class='ocrx_word' id='word_1_381' title='bbox 1258 1745 1317 1788; x_wconf 91' lang='lat' dir='ltr'><strong>qui</strong></span> <span class='ocrx_word' id='word_1_382' title='bbox 1334 1750 1408 1777; x_wconf 87' lang='lat' dir='ltr'><strong>erat</strong></span> <span class='ocrx_word' id='word_1_383' title='bbox 1424 1745 1514 1778; x_wconf 88' lang='lat' dir='ltr'><strong>filius</strong></span> <span class='ocrx_word' id='word_1_384' title='bbox 1538 1746 1678 1789; x_wconf 85' lang='lat' dir='ltr'><strong>majoris</strong></span> <span class='ocrx_word' id='word_1_385' title='bbox 1694 1751 1728 1778; x_wconf 93' lang='lat' dir='ltr'><strong>et</strong></span> <span class='ocrx_word' id='word_1_386' title='bbox 1743 1746 1949 1788; x_wconf 86' lang='lat' dir='ltr'><strong>potentioris</strong></span> 
     </span>
     <span class='ocr_line' id='line_1_30' title="bbox 99 1797 1131 1841; baseline 0.001 -12"><span class='ocrx_word' id='word_1_387' title='bbox 99 1797 197 1837; x_wconf 88' lang='lat' dir='ltr'><strong>civis,</strong></span> <span class='ocrx_word' id='word_1_388' title='bbox 221 1797 281 1841; x_wconf 89' lang='lat' dir='ltr'><strong>qui</strong></span> <span class='ocrx_word' id='word_1_389' title='bbox 303 1809 454 1841; x_wconf 86' lang='lat' dir='ltr'><strong>unquam</strong></span> <span class='ocrx_word' id='word_1_390' title='bbox 477 1799 599 1831; x_wconf 85' lang='lat' dir='ltr'><strong>fuisset</strong></span> <span class='ocrx_word' id='word_1_391' title='bbox 622 1798 659 1830; x_wconf 91' lang='lat' dir='ltr'><strong>in</strong></span> <span class='ocrx_word' id='word_1_392' title='bbox 682 1803 755 1831; x_wconf 89' lang='lat' dir='ltr'><strong>tota</strong></span> <span class='ocrx_word' id='word_1_393' title='bbox 778 1797 921 1830; x_wconf 88' lang='lat' dir='ltr'><strong>civitate</strong></span> <span class='ocrx_word' id='word_1_394' title='bbox 943 1798 1131 1830; x_wconf 86' lang='lat' dir='ltr'><strong>Bononiae.</strong></span> 
     </span>
    </p>

    <p class='ocr_par' dir='ltr' id='par_1_8' title="bbox 33 1850 1949 1991">
     <span class='ocr_line' id='line_1_31' title="bbox 33 1850 1947 1892; baseline 0.002 -10"><span class='ocrx_word' id='word_1_395' title='bbox 33 1850 76 1882; x_wconf 88' lang='grc'><strong>30</strong></span> <span class='ocrx_word' id='word_1_396' title='bbox 186 1851 318 1884; x_wconf 88' lang='lat' dir='ltr'><strong>Eodem</strong></span> <span class='ocrx_word' id='word_1_397' title='bbox 342 1861 444 1891; x_wconf 89' lang='lat' dir='ltr'><strong>anno,</strong></span> <span class='ocrx_word' id='word_1_398' title='bbox 461 1852 505 1884; x_wconf 89' lang='lat' dir='ltr'><strong>de</strong></span> <span class='ocrx_word' id='word_1_399' title='bbox 517 1861 632 1884; x_wconf 87' lang='lat' dir='ltr'><strong>mense</strong></span> <span class='ocrx_word' id='word_1_400' title='bbox 649 1850 855 1884; x_wconf 87' lang='lat' dir='ltr'><strong>novembris.</strong></span> <span class='ocrx_word' id='word_1_401' title='bbox 874 1870 915 1874; x_wconf 94' lang='lat'><strong>-—</strong></span> <span class='ocrx_word' id='word_1_402' title='bbox 932 1851 1100 1884; x_wconf 90' lang='lat' dir='ltr'><strong>Collatius</strong></span> <span class='ocrx_word' id='word_1_403' title='bbox 1117 1852 1161 1884; x_wconf 91' lang='lat' dir='ltr'><strong>de</strong></span> <span class='ocrx_word' id='word_1_404' title='bbox 1183 1851 1377 1884; x_wconf 90' lang='lat' dir='ltr'><strong>Becadellis</strong></span> <span class='ocrx_word' id='word_1_405' title='bbox 1400 1857 1435 1884; x_wconf 91' lang='lat' dir='ltr'><strong>et</strong></span> <span class='ocrx_word' id='word_1_406' title='bbox 1459 1851 1659 1885; x_wconf 90' lang='lat' dir='ltr'><strong>Santolinus</strong></span> <span class='ocrx_word' id='word_1_407' title='bbox 1684 1853 1727 1885; x_wconf 89' lang='lat' dir='ltr'><strong>de</strong></span> <span class='ocrx_word' id='word_1_408' title='bbox 1743 1852 1947 1892; x_wconf 88' lang='lat' dir='ltr'><strong>Becadellis,</strong></span> 
     </span>
     <span class='ocr_line' id='line_1_32' title="bbox 100 1904 1949 1949; baseline 0.001 -13"><span class='ocrx_word' id='word_1_409' title='bbox 100 1904 160 1947; x_wconf 90' lang='lat' dir='ltr'><strong>qui</strong></span> <span class='ocrx_word' id='word_1_410' title='bbox 183 1909 282 1937; x_wconf 86' lang='lat' dir='ltr'><strong>erant</strong></span> <span class='ocrx_word' id='word_1_411' title='bbox 305 1905 469 1938; x_wconf 86' lang='lat' dir='ltr'><strong>confinati</strong></span> <span class='ocrx_word' id='word_1_412' title='bbox 492 1910 527 1938; x_wconf 91' lang='lat' dir='ltr'><strong>et</strong></span> <span class='ocrx_word' id='word_1_413' title='bbox 551 1905 594 1938; x_wconf 91' lang='lat' dir='ltr'><strong>de</strong></span> <span class='ocrx_word' id='word_1_414' title='bbox 616 1904 730 1949; x_wconf 86' lang='lat' dir='ltr'><strong>gratia</strong></span> <span class='ocrx_word' id='word_1_415' title='bbox 752 1909 912 1947; x_wconf 88' lang='lat' dir='ltr'><strong>poterant</strong></span> <span class='ocrx_word' id='word_1_416' title='bbox 935 1910 1026 1937; x_wconf 89' lang='lat' dir='ltr'><strong>stare</strong></span> <span class='ocrx_word' id='word_1_417' title='bbox 1048 1905 1086 1937; x_wconf 90' lang='lat' dir='ltr'><strong>in</strong></span> <span class='ocrx_word' id='word_1_418' title='bbox 1110 1905 1276 1937; x_wconf 86' lang='lat' dir='ltr'><strong>comitatu</strong></span> <span class='ocrx_word' id='word_1_419' title='bbox 1299 1905 1478 1937; x_wconf 85' lang='lat' dir='ltr'><strong>Bononiae</strong></span> <span class='ocrx_word' id='word_1_420' title='bbox 1494 1906 1541 1938; x_wconf 89' lang='lat' dir='ltr'><strong>ad</strong></span> <span class='ocrx_word' id='word_1_421' title='bbox 1557 1906 1718 1945; x_wconf 88' lang='lat' dir='ltr'><strong>confines,</strong></span> <span class='ocrx_word' id='word_1_422' title='bbox 1742 1907 1882 1939; x_wconf 77' lang='lat' dir='ltr'><strong>fuerunt</strong></span> <span class='ocrx_word' id='word_1_423' title='bbox 1906 1907 1949 1939; x_wconf 89' lang='lat' dir='ltr'><strong>de</strong></span> 
     </span>
     <span class='ocr_line' id='line_1_33' title="bbox 99 1958 604 1991; baseline 0.004 -2"><span class='ocrx_word' id='word_1_424' title='bbox 99 1966 190 1989; x_wconf 91' lang='lat' dir='ltr'><strong>novo</strong></span> <span class='ocrx_word' id='word_1_425' title='bbox 212 1958 376 1990; x_wconf 87' lang='lat' dir='ltr'><strong>confinati</strong></span> <span class='ocrx_word' id='word_1_426' title='bbox 400 1959 604 1991; x_wconf 89' lang='lat' dir='ltr'><strong>Ferrariam.</strong></span> 
     </span>
    </p>

    <p class='ocr_par' dir='ltr' id='par_1_9' title="bbox 101 2010 1949 2109">
     <span class='ocr_line' id='line_1_34' title="bbox 187 2010 1949 2054; baseline 0.001 -11"><span class='ocrx_word' id='word_1_427' title='bbox 187 2010 320 2043; x_wconf 89' lang='lat' dir='ltr'><strong>Eodem</strong></span> <span class='ocrx_word' id='word_1_428' title='bbox 335 2021 428 2044; x_wconf 87' lang='lat' dir='ltr'><strong>anno</strong></span> <span class='ocrx_word' id='word_1_429' title='bbox 449 2016 484 2044; x_wconf 91' lang='lat' dir='ltr'><strong>et</strong></span> <span class='ocrx_word' id='word_1_430' title='bbox 506 2021 632 2044; x_wconf 88' lang='lat' dir='ltr'><strong>mense.</strong></span> <span class='ocrx_word' id='word_1_431' title='bbox 649 2030 689 2035; x_wconf 92' lang='lat'>—</span> <span class='ocrx_word' id='word_1_432' title='bbox 707 2011 876 2044; x_wconf 86' lang='lat' dir='ltr'><strong>Dominus</strong></span> <span class='ocrx_word' id='word_1_433' title='bbox 891 2011 1053 2044; x_wconf 88' lang='lat' dir='ltr'><strong>Tadaeus</strong></span> <span class='ocrx_word' id='word_1_434' title='bbox 1069 2012 1113 2044; x_wconf 89' lang='lat' dir='ltr'><strong>de</strong></span> <span class='ocrx_word' id='word_1_435' title='bbox 1129 2011 1279 2054; x_wconf 90' lang='lat' dir='ltr'><strong>Pepolis,</strong></span> <span class='ocrx_word' id='word_1_436' title='bbox 1296 2013 1455 2045; x_wconf 87' lang='lat' dir='ltr'><strong>dominus</strong></span> <span class='ocrx_word' id='word_1_437' title='bbox 1471 2012 1620 2045; x_wconf 89' lang='lat' dir='ltr'><strong>Bornius</strong></span> <span class='ocrx_word' id='word_1_438' title='bbox 1644 2014 1687 2045; x_wconf 89' lang='lat' dir='ltr'><strong>de</strong></span> <span class='ocrx_word' id='word_1_439' title='bbox 1711 2013 1949 2052; x_wconf 88' lang='lat' dir='ltr'><strong>Samaritanis,</strong></span> 
     </span>
     <span class='ocr_line' id='line_1_35' title="bbox 101 2063 1948 2109; baseline 0.002 -14"><span class='ocrx_word' id='word_1_440' title='bbox 101 2063 260 2096; x_wconf 88' lang='lat' dir='ltr'><strong>dominus</strong></span> <span class='ocrx_word' id='word_1_441' title='bbox 282 2063 525 2097; x_wconf 89' lang='lat' dir='ltr'><strong>Brandelixius</strong></span> <span class='ocrx_word' id='word_1_442' title='bbox 548 2065 592 2097; x_wconf 90' lang='lat' dir='ltr'><strong>de</strong></span> <span class='ocrx_word' id='word_1_443' title='bbox 616 2064 805 2097; x_wconf 90' lang='lat' dir='ltr'><strong>Gozadinis</strong></span> <span class='ocrx_word' id='word_1_444' title='bbox 827 2069 862 2096; x_wconf 91' lang='lat' dir='ltr'><strong>et</strong></span> <span class='ocrx_word' id='word_1_445' title='bbox 884 2065 984 2097; x_wconf 91' lang='lat' dir='ltr'><strong>multi</strong></span> <span class='ocrx_word' id='word_1_446' title='bbox 1008 2065 1069 2097; x_wconf 88' lang='lat' dir='ltr'><strong>alii</strong></span> <span class='ocrx_word' id='word_1_447' title='bbox 1093 2065 1210 2109; x_wconf 88' lang='lat' dir='ltr'><strong>magni</strong></span> <span class='ocrx_word' id='word_1_448' title='bbox 1227 2065 1322 2097; x_wconf 88' lang='lat' dir='ltr'><strong>cives</strong></span> <span class='ocrx_word' id='word_1_449' title='bbox 1345 2065 1499 2098; x_wconf 86' lang='lat' dir='ltr'><strong>civitatis</strong></span> <span class='ocrx_word' id='word_1_450' title='bbox 1522 2066 1700 2098; x_wconf 89' lang='lat' dir='ltr'><strong>Bononiae</strong></span> <span class='ocrx_word' id='word_1_451' title='bbox 1723 2067 1859 2099; x_wconf 86' lang='lat' dir='ltr'><strong>iverunt</strong></span> <span class='ocrx_word' id='word_1_452' title='bbox 1884 2067 1948 2099; x_wconf 92' lang='lat' dir='ltr'><strong>Fe-</strong></span> 
     </span>
    </p>

    <p class='ocr_par' dir='ltr' id='par_1_10' title="bbox 34 2114 1948 2309">
     <span class='ocr_line' id='line_1_36' title="bbox 34 2114 1948 2161; baseline 0.002 -14"><span class='ocrx_word' id='word_1_453' title='bbox 34 2114 75 2147; x_wconf 85' lang='lat'><strong>:35</strong></span> <span class='ocrx_word' id='word_1_454' title='bbox 100 2116 237 2149; x_wconf 79' lang='lat' dir='ltr'><strong>rar-iam.</strong></span> <span class='ocrx_word' id='word_1_455' title='bbox 282 2116 328 2149; x_wconf 90' lang='lat' dir='ltr'><strong>Et</strong></span> <span class='ocrx_word' id='word_1_456' title='bbox 351 2117 483 2149; x_wconf 87' lang='lat' dir='ltr'><strong>dictum</strong></span> <span class='ocrx_word' id='word_1_457' title='bbox 506 2116 575 2150; x_wconf 79' lang='lat' dir='ltr'><strong>fuit</strong></span> <span class='ocrx_word' id='word_1_458' title='bbox 598 2118 692 2161; x_wconf 91' lang='lat' dir='ltr'><strong>quod</strong></span> <span class='ocrx_word' id='word_1_459' title='bbox 725 2118 863 2150; x_wconf 86' lang='lat' dir='ltr'><strong>iverunt</strong></span> <span class='ocrx_word' id='word_1_460' title='bbox 896 2118 943 2150; x_wconf 93' lang='lat' dir='ltr'><strong>ad</strong></span> <span class='ocrx_word' id='word_1_461' title='bbox 972 2118 1230 2160; x_wconf 90' lang='lat' dir='ltr'><strong>procurandum</strong></span> <span class='ocrx_word' id='word_1_462' title='bbox 1260 2119 1378 2151; x_wconf 76' lang='lat' dir='ltr'><strong>facere</strong></span> <span class='ocrx_word' id='word_1_463' title='bbox 1409 2119 1503 2161; x_wconf 90' lang='lat' dir='ltr'><strong>quod</strong></span> <span class='ocrx_word' id='word_1_464' title='bbox 1533 2119 1750 2151; x_wconf 88' lang='lat' dir='ltr'><strong>marchiones</strong></span> <span class='ocrx_word' id='word_1_465' title='bbox 1773 2119 1863 2151; x_wconf 91' lang='lat' dir='ltr'><strong>irent</strong></span> <span class='ocrx_word' id='word_1_466' title='bbox 1894 2120 1948 2151; x_wconf 94' lang='lat' dir='ltr'><strong>vel</strong></span> 
     </span>
     <span class='ocr_line' id='line_1_37' title="bbox 99 2170 1948 2215; baseline 0.001 -14"><span class='ocrx_word' id='word_1_467' title='bbox 99 2170 337 2211; x_wconf 88' lang='lat' dir='ltr'><strong>permitterent</strong></span> <span class='ocrx_word' id='word_1_468' title='bbox 360 2170 411 2202; x_wconf 88' lang='lat' dir='ltr'><strong>ire</strong></span> <span class='ocrx_word' id='word_1_469' title='bbox 434 2170 663 2209; x_wconf 66' lang='lat' dir='ltr'><strong>Florentium,</strong></span> <span class='ocrx_word' id='word_1_470' title='bbox 687 2170 922 2203; x_wconf 85' lang='lat' dir='ltr'><strong>Bononienses</strong></span> <span class='ocrx_word' id='word_1_471' title='bbox 943 2176 979 2203; x_wconf 91' lang='lat' dir='ltr'><strong>et</strong></span> <span class='ocrx_word' id='word_1_472' title='bbox 1001 2171 1088 2203; x_wconf 88' lang='lat' dir='ltr'><strong>alios</strong></span> <span class='ocrx_word' id='word_1_473' title='bbox 1119 2171 1163 2204; x_wconf 90' lang='lat' dir='ltr'><strong>de</strong></span> <span class='ocrx_word' id='word_1_474' title='bbox 1186 2171 1257 2215; x_wconf 90' lang='lat' dir='ltr'><strong>liga</strong></span> <span class='ocrx_word' id='word_1_475' title='bbox 1287 2172 1333 2204; x_wconf 88' lang='lat' dir='ltr'><strong>ad</strong></span> <span class='ocrx_word' id='word_1_476' title='bbox 1363 2173 1562 2214; x_wconf 91' lang='lat' dir='ltr'><strong>ponendum</strong></span> <span class='ocrx_word' id='word_1_477' title='bbox 1593 2173 1781 2205; x_wconf 90' lang='lat' dir='ltr'><strong>exercitum</strong></span> <span class='ocrx_word' id='word_1_478' title='bbox 1812 2172 1948 2205; x_wconf 87' lang='lat' dir='ltr'><strong>civitati</strong></span> 
     </span>
     <span class='ocr_line' id='line_1_38' title="bbox 99 2222 1947 2268; baseline 0.001 -12"><span class='ocrx_word' id='word_1_479' title='bbox 99 2222 244 2256; x_wconf 85' lang='lat' dir='ltr'><strong>Parmae</strong></span> <span class='ocrx_word' id='word_1_480' title='bbox 251 2234 260 2260; x_wconf 83' lang='lat'><em>3</em></span> <span class='ocrx_word' id='word_1_481' title='bbox 284 2228 319 2255; x_wconf 93' lang='lat' dir='ltr'><strong>et</strong></span> <span class='ocrx_word' id='word_1_482' title='bbox 342 2222 537 2267; x_wconf 83' lang='lat' dir='ltr'><strong>ignoratum</strong></span> <span class='ocrx_word' id='word_1_483' title='bbox 561 2224 630 2256; x_wconf 81' lang='lat' dir='ltr'><strong>fuit</strong></span> <span class='ocrx_word' id='word_1_484' title='bbox 651 2223 764 2263; x_wconf 88' lang='lat' dir='ltr'><strong>aliter,</strong></span> <span class='ocrx_word' id='word_1_485' title='bbox 787 2223 873 2266; x_wconf 90' lang='lat' dir='ltr'><strong>quid</strong></span> <span class='ocrx_word' id='word_1_486' title='bbox 896 2223 1055 2257; x_wconf 80' lang='lat' dir='ltr'><strong>fecerint.</strong></span> <span class='ocrx_word' id='word_1_487' title='bbox 1102 2224 1235 2256; x_wconf 92' lang='lat' dir='ltr'><strong>Tamen</strong></span> <span class='ocrx_word' id='word_1_488' title='bbox 1251 2234 1321 2256; x_wconf 93' lang='lat' dir='ltr'><strong>non</strong></span> <span class='ocrx_word' id='word_1_489' title='bbox 1337 2225 1406 2257; x_wconf 78' lang='lat' dir='ltr'><strong>fuit</strong></span> <span class='ocrx_word' id='word_1_490' title='bbox 1421 2225 1539 2268; x_wconf 90' lang='lat' dir='ltr'><strong>aliqua</strong></span> <span class='ocrx_word' id='word_1_491' title='bbox 1554 2225 1623 2257; x_wconf 90' lang='lat' dir='ltr'><strong>alia</strong></span> <span class='ocrx_word' id='word_1_492' title='bbox 1646 2226 1782 2258; x_wconf 87' lang='lat' dir='ltr'><strong>novitas</strong></span> <span class='ocrx_word' id='word_1_493' title='bbox 1805 2231 1947 2268; x_wconf 88' lang='lat' dir='ltr'><strong>propter</strong></span> 
     </span>
     <span class='ocr_line' id='line_1_39' title="bbox 101 2275 626 2309; baseline 0.004 -2"><span class='ocrx_word' id='word_1_494' title='bbox 101 2275 188 2308; x_wconf 90' lang='lat' dir='ltr'><strong>illud</strong></span> <span class='ocrx_word' id='word_1_495' title='bbox 211 2275 249 2308; x_wconf 91' lang='lat' dir='ltr'><strong>in</strong></span> <span class='ocrx_word' id='word_1_496' title='bbox 273 2276 416 2308; x_wconf 88' lang='lat' dir='ltr'><strong>civitate</strong></span> <span class='ocrx_word' id='word_1_497' title='bbox 437 2276 626 2309; x_wconf 86' lang='lat' dir='ltr'><strong>Bononiae.</strong></span> 
     </span>
    </p>

    <p class='ocr_par' dir='ltr' id='par_1_11' title="bbox 187 2329 1944 2376">
     <span class='ocr_line' id='line_1_40' title="bbox 187 2329 1944 2376; baseline 0.002 -15"><span class='ocrx_word' id='word_1_498' title='bbox 187 2329 518 2362; x_wconf 86' lang='lat' dir='ltr'><strong>M.CCCXXXV11.</strong></span> <span class='ocrx_word' id='word_1_499' title='bbox 541 2329 674 2363; x_wconf 89' lang='lat' dir='ltr'><strong>Eodem</strong></span> <span class='ocrx_word' id='word_1_500' title='bbox 697 2340 800 2370; x_wconf 90' lang='lat' dir='ltr'><strong>ann0‚</strong></span> <span class='ocrx_word' id='word_1_501' title='bbox 818 2331 862 2363; x_wconf 88' lang='lat' dir='ltr'><strong>de</strong></span> <span class='ocrx_word' id='word_1_502' title='bbox 877 2341 992 2364; x_wconf 89' lang='lat' dir='ltr'><strong>mense</strong></span> <span class='ocrx_word' id='word_1_503' title='bbox 1013 2331 1176 2375; x_wconf 84' lang='lat' dir='ltr'><strong>januarii,</strong></span> <span class='ocrx_word' id='word_1_504' title='bbox 1194 2331 1230 2363; x_wconf 89' lang='lat' dir='ltr'><strong>in</strong></span> <span class='ocrx_word' id='word_1_505' title='bbox 1247 2331 1370 2375; x_wconf 88' lang='lat' dir='ltr'><strong>vigilia</strong></span> <span class='ocrx_word' id='word_1_506' title='bbox 1386 2338 1526 2364; x_wconf 89' lang='lat' dir='ltr'><strong>sanctae</strong></span> <span class='ocrx_word' id='word_1_507' title='bbox 1541 2331 1698 2376; x_wconf 88' lang='lat' dir='ltr'><strong>Agnetis.</strong></span> <span class='ocrx_word' id='word_1_508' title='bbox 1717 2351 1758 2356; x_wconf 87' lang='lat'><strong>——</strong></span> <span class='ocrx_word' id='word_1_509' title='bbox 1775 2332 1856 2365; x_wconf 89' lang='lat' dir='ltr'><strong>Fuit</strong></span> <span class='ocrx_word' id='word_1_510' title='bbox 1873 2343 1944 2364; x_wconf 90' lang='lat' dir='ltr'><strong>ma-</strong></span> 
     </span>
    </p>

    <p class='ocr_par' dir='ltr' id='par_1_12' title="bbox 35 2382 1949 2639">
     <span class='ocr_line' id='line_1_41' title="bbox 35 2382 1948 2428; baseline 0.002 -14"><span class='ocrx_word' id='word_1_511' title='bbox 35 2383 76 2414; x_wconf 83' lang='lat'><strong>40</strong></span> <span class='ocrx_word' id='word_1_512' title='bbox 99 2393 168 2426; x_wconf 87' lang='lat' dir='ltr'><strong>gna</strong></span> <span class='ocrx_word' id='word_1_513' title='bbox 183 2382 319 2415; x_wconf 89' lang='lat' dir='ltr'><strong>novitas</strong></span> <span class='ocrx_word' id='word_1_514' title='bbox 341 2382 379 2414; x_wconf 89' lang='lat' dir='ltr'><strong>in</strong></span> <span class='ocrx_word' id='word_1_515' title='bbox 401 2382 570 2421; x_wconf 90' lang='lat' dir='ltr'><strong>Bononia,</strong></span> <span class='ocrx_word' id='word_1_516' title='bbox 594 2383 676 2426; x_wconf 91' lang='lat' dir='ltr'><strong>quia</strong></span> <span class='ocrx_word' id='word_1_517' title='bbox 698 2383 784 2416; x_wconf 90' lang='lat' dir='ltr'><strong>hora</strong></span> <span class='ocrx_word' id='word_1_518' title='bbox 807 2384 1003 2426; x_wconf 84' lang='lat' dir='ltr'><strong>vespertina</strong></span> <span class='ocrx_word' id='word_1_519' title='bbox 1026 2384 1208 2417; x_wconf 88' lang='lat' dir='ltr'><strong>Busolinus</strong></span> <span class='ocrx_word' id='word_1_520' title='bbox 1233 2385 1276 2418; x_wconf 89' lang='lat' dir='ltr'><strong>de</strong></span> <span class='ocrx_word' id='word_1_521' title='bbox 1300 2385 1492 2428; x_wconf 80' lang='lat' dir='ltr'><strong>Gocadinis</strong></span> <span class='ocrx_word' id='word_1_522' title='bbox 1515 2385 1684 2427; x_wconf 86' lang='lat' dir='ltr'><strong>percussit</strong></span> <span class='ocrx_word' id='word_1_523' title='bbox 1707 2385 1744 2417; x_wconf 92' lang='lat' dir='ltr'><strong>in</strong></span> <span class='ocrx_word' id='word_1_524' title='bbox 1766 2386 1852 2417; x_wconf 78' lang='lat' dir='ltr'><strong>fatie</strong></span> <span class='ocrx_word' id='word_1_525' title='bbox 1877 2385 1948 2418; x_wconf 91' lang='lat' dir='ltr'><strong>Ve-</strong></span> 
     </span>
     <span class='ocr_line' id='line_1_42' title="bbox 99 2435 1947 2482; baseline 0.002 -15"><span class='ocrx_word' id='word_1_526' title='bbox 99 2436 189 2468; x_wconf 85' lang='lat' dir='ltr'><strong>rium</strong></span> <span class='ocrx_word' id='word_1_527' title='bbox 212 2436 255 2468; x_wconf 88' lang='lat' dir='ltr'><strong>de</strong></span> <span class='ocrx_word' id='word_1_528' title='bbox 279 2435 431 2473; x_wconf 88' lang='lat' dir='ltr'><strong>Sassuni,</strong></span> <span class='ocrx_word' id='word_1_529' title='bbox 454 2436 604 2468; x_wconf 88' lang='lat' dir='ltr'><strong>amicum</strong></span> <span class='ocrx_word' id='word_1_530' title='bbox 620 2436 757 2469; x_wconf 90' lang='lat' dir='ltr'><strong>illorum</strong></span> <span class='ocrx_word' id='word_1_531' title='bbox 773 2438 817 2469; x_wconf 90' lang='lat' dir='ltr'><strong>de</strong></span> <span class='ocrx_word' id='word_1_532' title='bbox 831 2437 1062 2482; x_wconf 87' lang='lat' dir='ltr'><strong>Bentevoglis.</strong></span> <span class='ocrx_word' id='word_1_533' title='bbox 1108 2437 1227 2470; x_wconf 90' lang='lat' dir='ltr'><strong>Unde&#39;</strong></span> <span class='ocrx_word' id='word_1_534' title='bbox 1251 2438 1411 2471; x_wconf 88' lang='lat' dir='ltr'><strong>Chechus</strong></span> <span class='ocrx_word' id='word_1_535' title='bbox 1427 2439 1471 2470; x_wconf 91' lang='lat' dir='ltr'><strong>de</strong></span> <span class='ocrx_word' id='word_1_536' title='bbox 1486 2438 1708 2482; x_wconf 87' lang='lat' dir='ltr'><strong>Bentevoglis</strong></span> <span class='ocrx_word' id='word_1_537' title='bbox 1724 2438 1871 2470; x_wconf 87' lang='lat' dir='ltr'><strong>extraxit</strong></span> <span class='ocrx_word' id='word_1_538' title='bbox 1887 2447 1947 2470; x_wconf 88' lang='lat' dir='ltr'><strong>en-</strong></span> 
     </span>
     <span class='ocr_line' id='line_1_43' title="bbox 99 2488 1949 2535; baseline 0.001 -13"><span class='ocrx_word' id='word_1_539' title='bbox 99 2500 170 2522; x_wconf 87' lang='lat' dir='ltr'><strong>sem</strong></span> <span class='ocrx_word' id='word_1_540' title='bbox 185 2494 220 2521; x_wconf 90' lang='lat' dir='ltr'><strong>et</strong></span> <span class='ocrx_word' id='word_1_541' title='bbox 236 2488 402 2521; x_wconf 90' lang='lat' dir='ltr'><strong>cridavit:</strong></span> <span class='ocrx_word' id='word_1_542' title='bbox 416 2506 458 2511; x_wconf 92' lang='lat'><strong>—</strong></span> <span class='ocrx_word' id='word_1_543' title='bbox 470 2488 603 2521; x_wconf 83' lang='lat' dir='ltr'><strong>Vivant</strong></span> <span class='ocrx_word' id='word_1_544' title='bbox 618 2489 752 2522; x_wconf 85' lang='lat' dir='ltr'><strong>antiani</strong></span> <span class='ocrx_word' id='word_1_545' title='bbox 769 2495 804 2522; x_wconf 91' lang='lat' dir='ltr'><strong>et</strong></span> <span class='ocrx_word' id='word_1_546' title='bbox 820 2490 916 2523; x_wconf 86' lang='lat' dir='ltr'><strong>vivat</strong></span> <span class='ocrx_word' id='word_1_547' title='bbox 932 2490 1129 2523; x_wconf 80' lang='lat' dir='ltr'><strong>barisellusl</strong></span> <span class='ocrx_word' id='word_1_548' title='bbox 1147 2509 1188 2514; x_wconf 86' lang='lat'>—</span> <span class='ocrx_word' id='word_1_549' title='bbox 1205 2491 1249 2523; x_wconf 91' lang='lat' dir='ltr'><strong>Et</strong></span> <span class='ocrx_word' id='word_1_550' title='bbox 1273 2491 1432 2523; x_wconf 89' lang='lat' dir='ltr'><strong>similiter</strong></span> <span class='ocrx_word' id='word_1_551' title='bbox 1447 2492 1533 2523; x_wconf 81' lang='lat' dir='ltr'><strong>fecit</strong></span> <span class='ocrx_word' id='word_1_552' title='bbox 1549 2492 1701 2535; x_wconf 77' lang='lat' dir='ltr'><strong>Vecolus</strong></span> <span class='ocrx_word' id='word_1_553' title='bbox 1717 2492 1760 2524; x_wconf 91' lang='lat' dir='ltr'><strong>de</strong></span> <span class='ocrx_word' id='word_1_554' title='bbox 1772 2491 1949 2524; x_wconf 86' lang='lat' dir='ltr'><strong>Malviciis</strong></span> 
     </span>
     <span class='ocr_line' id='line_1_44' title="bbox 100 2541 1947 2587; baseline 0.002 -13"><span class='ocrx_word' id='word_1_555' title='bbox 100 2542 198 2575; x_wconf 86' lang='lat' dir='ltr'><strong>multi</strong></span> <span class='ocrx_word' id='word_1_556' title='bbox 211 2547 245 2574; x_wconf 90' lang='lat' dir='ltr'><strong>et</strong></span> <span class='ocrx_word' id='word_1_557' title='bbox 257 2541 318 2574; x_wconf 86' lang='lat' dir='ltr'><strong>alii</strong></span> <span class='ocrx_word' id='word_1_558' title='bbox 332 2542 567 2574; x_wconf 88' lang='lat' dir='ltr'><strong>clamaverunt</strong></span> <span class='ocrx_word' id='word_1_559' title='bbox 579 2553 586 2574; x_wconf 94' lang='lat'><strong>:</strong></span> <span class='ocrx_word' id='word_1_560' title='bbox 597 2561 639 2566; x_wconf 90' lang='lat'><strong>—-</strong></span> <span class='ocrx_word' id='word_1_561' title='bbox 649 2542 758 2575; x_wconf 86' lang='lat' dir='ltr'><strong>Vivat</strong></span> <span class='ocrx_word' id='word_1_562' title='bbox 770 2543 965 2576; x_wconf 77' lang='lat' dir='ltr'><strong>barisellus!</strong></span> <span class='ocrx_word' id='word_1_563' title='bbox 976 2561 1017 2567; x_wconf 76' lang='lat'><strong>-—</strong></span> <span class='ocrx_word' id='word_1_564' title='bbox 1028 2544 1143 2576; x_wconf 90' lang='lat' dir='ltr'><strong>multi:</strong></span> <span class='ocrx_word' id='word_1_565' title='bbox 1155 2562 1197 2567; x_wconf 92' lang='lat'>—</span> <span class='ocrx_word' id='word_1_566' title='bbox 1207 2545 1315 2577; x_wconf 88' lang='lat' dir='ltr'><strong>Vivat</strong></span> <span class='ocrx_word' id='word_1_567' title='bbox 1329 2545 1490 2577; x_wconf 88' lang='lat' dir='ltr'><strong>dominus</strong></span> <span class='ocrx_word' id='word_1_568' title='bbox 1502 2545 1665 2577; x_wconf 87' lang='lat' dir='ltr'><strong>Tadaeus</strong></span> <span class='ocrx_word' id='word_1_569' title='bbox 1679 2545 1722 2577; x_wconf 91' lang='lat' dir='ltr'><strong>de</strong></span> <span class='ocrx_word' id='word_1_570' title='bbox 1735 2544 1893 2587; x_wconf 83' lang='lat' dir='ltr'><strong>Pepolis1</strong></span> <span class='ocrx_word' id='word_1_571' title='bbox 1906 2563 1947 2568; x_wconf 91' lang='lat'>—</span> 
     </span>
     <span class='ocr_line' id='line_1_45' title="bbox 99 2595 1949 2639; baseline 0 -11"><span class='ocrx_word' id='word_1_572' title='bbox 99 2595 207 2639; x_wconf 90' lang='lat' dir='ltr'><strong>aliqui</strong></span> <span class='ocrx_word' id='word_1_573' title='bbox 224 2595 345 2628; x_wconf 86' lang='lat' dir='ltr'><strong>etiam:</strong></span> <span class='ocrx_word' id='word_1_574' title='bbox 359 2613 401 2618; x_wconf 88' lang='lat'>—</span> <span class='ocrx_word' id='word_1_575' title='bbox 415 2595 524 2628; x_wconf 88' lang='lat' dir='ltr'><strong>Vivat</strong></span> <span class='ocrx_word' id='word_1_576' title='bbox 536 2595 698 2628; x_wconf 89' lang='lat' dir='ltr'><strong>dominus</strong></span> <span class='ocrx_word' id='word_1_577' title='bbox 709 2596 954 2629; x_wconf 87' lang='lat' dir='ltr'><strong>Brandelixius</strong></span> <span class='ocrx_word' id='word_1_578' title='bbox 967 2597 1010 2630; x_wconf 90' lang='lat' dir='ltr'><strong>de</strong></span> <span class='ocrx_word' id='word_1_579' title='bbox 1024 2597 1229 2630; x_wconf 73' lang='lat' dir='ltr'><strong>Gozadinis!</strong></span> <span class='ocrx_word' id='word_1_580' title='bbox 1243 2616 1284 2620; x_wconf 91' lang='lat'>—</span> <span class='ocrx_word' id='word_1_581' title='bbox 1298 2598 1401 2630; x_wconf 87' lang='lat' dir='ltr'><strong>Unde</strong></span> <span class='ocrx_word' id='word_1_582' title='bbox 1416 2598 1550 2630; x_wconf 86' lang='lat' dir='ltr'><strong>antiani</strong></span> <span class='ocrx_word' id='word_1_583' title='bbox 1567 2598 1725 2630; x_wconf 81' lang='lat' dir='ltr'><strong>fecerunt</strong></span> <span class='ocrx_word' id='word_1_584' title='bbox 1741 2597 1949 2639; x_wconf 89' lang='lat' dir='ltr'><strong>proclamari</strong></span> 
     </span>
    </p>
   </div>
   <div class='ocr_carea' id='block_1_3' title="bbox 0 2647 1950 2694">
    <p class='ocr_par' dir='ltr' id='par_1_13' title="bbox 0 2647 1950 2694">
     <span class='ocr_line' id='line_1_46' title="bbox 0 2647 1950 2694; baseline 0.001 -13"><span class='ocrx_word' id='word_1_585' title='bbox 0 2680 2 2689; x_wconf 55' lang='lat'><strong>.</strong></span> <span class='ocrx_word' id='word_1_586' title='bbox 35 2647 75 2681; x_wconf 83' lang='lat'><strong>45</strong></span> <span class='ocrx_word' id='word_1_587' title='bbox 101 2649 194 2692; x_wconf 93' lang='lat' dir='ltr'><strong>quod</strong></span> <span class='ocrx_word' id='word_1_588' title='bbox 210 2658 327 2681; x_wconf 90' lang='lat' dir='ltr'><strong>omnes</strong></span> <span class='ocrx_word' id='word_1_589' title='bbox 342 2648 543 2681; x_wconf 89' lang='lat' dir='ltr'><strong>recederent</strong></span> <span class='ocrx_word' id='word_1_590' title='bbox 560 2648 603 2681; x_wconf 88' lang='lat' dir='ltr'><strong>de</strong></span> <span class='ocrx_word' id='word_1_591' title='bbox 620 2649 734 2691; x_wconf 87' lang='lat' dir='ltr'><strong>platea</strong></span> <span class='ocrx_word' id='word_1_592' title='bbox 748 2654 783 2681; x_wconf 93' lang='lat' dir='ltr'><strong>et</strong></span> <span class='ocrx_word' id='word_1_593' title='bbox 798 2649 1018 2691; x_wconf 90' lang='lat' dir='ltr'><strong>proiciebant</strong></span> <span class='ocrx_word' id='word_1_594' title='bbox 1033 2650 1168 2692; x_wconf 87' lang='lat' dir='ltr'><strong>lapides</strong></span> <span class='ocrx_word' id='word_1_595' title='bbox 1183 2656 1217 2683; x_wconf 92' lang='lat' dir='ltr'><strong>et</strong></span> <span class='ocrx_word' id='word_1_596' title='bbox 1230 2650 1371 2694; x_wconf 85' lang='lat' dir='ltr'><strong>sagittas</strong></span> <span class='ocrx_word' id='word_1_597' title='bbox 1387 2651 1430 2683; x_wconf 94' lang='lat' dir='ltr'><strong>de</strong></span> <span class='ocrx_word' id='word_1_598' title='bbox 1446 2651 1587 2693; x_wconf 90' lang='lat' dir='ltr'><strong>palatio.</strong></span> <span class='ocrx_word' id='word_1_599' title='bbox 1627 2651 1746 2693; x_wconf 89' lang='lat' dir='ltr'><strong>Itaque</strong></span> <span class='ocrx_word' id='word_1_600' title='bbox 1763 2661 1879 2683; x_wconf 89' lang='lat' dir='ltr'><strong>omnes</strong></span> <span class='ocrx_word' id='word_1_601' title='bbox 1895 2661 1950 2682; x_wconf 90' lang='lat' dir='ltr'><strong>re-</strong></span> 
     </span>
    </p>
   </div>
   <div class='ocr_carea' id='block_1_4' title="bbox 0 2761 3 2790">
    <p class='ocr_par' dir='ltr' id='par_1_14' title="bbox 0 2761 3 2790">
     <span class='ocr_line' id='line_1_47' title="bbox 0 2761 1 2772; baseline 0 0"><span class='ocrx_word' id='word_1_602' title='bbox 0 2761 1 2772; x_wconf 55' lang='lat' dir='ltr'>w</span> 
     </span>
     <span class='ocr_line' id='line_1_48' title="bbox 0 2773 3 2790; baseline 0 0"><span class='ocrx_word' id='word_1_603' title='bbox 0 2773 3 2790; x_wconf 66' lang='lat' dir='ltr'><strong>i</strong></span> 
     </span>
    </p>
   </div>
   <div class='ocr_carea' id='block_1_5' title="bbox 0 2922 3 2974">
    <p class='ocr_par' dir='ltr' id='par_1_15' title="bbox 0 2922 3 2974">
     <span class='ocr_line' id='line_1_49' title="bbox 0 2922 3 2974; baseline 0 0"><span class='ocrx_word' id='word_1_604' title='bbox 0 2922 3 2974; x_wconf 69' lang='grc' dir='ltr'><strong><em>ἓ</em></strong></span> 
     </span>
    </p>
   </div>
   <div class='ocr_carea' id='block_1_6' title="bbox 36 2701 1950 2959">
    <p class='ocr_par' dir='ltr' id='par_1_16' title="bbox 36 2701 1950 2959">
     <span class='ocr_line' id='line_1_50' title="bbox 101 2701 1947 2746; baseline 0.001 -12"><span class='ocrx_word' id='word_1_605' title='bbox 101 2707 276 2735; x_wconf 86' lang='lat' dir='ltr'><strong>cesserunt</strong></span> <span class='ocrx_word' id='word_1_606' title='bbox 299 2702 343 2734; x_wconf 89' lang='lat' dir='ltr'><strong>de</strong></span> <span class='ocrx_word' id='word_1_607' title='bbox 365 2701 496 2743; x_wconf 78' lang='lat' dir='ltr'><strong>platea3</strong></span> <span class='ocrx_word' id='word_1_608' title='bbox 519 2707 554 2734; x_wconf 86' lang='lat' dir='ltr'><strong>et</strong></span> <span class='ocrx_word' id='word_1_609' title='bbox 569 2702 727 2736; x_wconf 79' lang='lat' dir='ltr'><strong>fecerunt</strong></span> <span class='ocrx_word' id='word_1_610' title='bbox 743 2707 833 2734; x_wconf 88' lang='lat' dir='ltr'><strong>stare</strong></span> <span class='ocrx_word' id='word_1_611' title='bbox 849 2703 1000 2736; x_wconf 77' lang='lat' dir='ltr'><strong>familias</strong></span> <span class='ocrx_word' id='word_1_612' title='bbox 1015 2704 1195 2746; x_wconf 90' lang='lat' dir='ltr'><strong>potestatis</strong></span> <span class='ocrx_word' id='word_1_613' title='bbox 1210 2709 1244 2736; x_wconf 88' lang='lat' dir='ltr'><strong>et</strong></span> <span class='ocrx_word' id='word_1_614' title='bbox 1260 2704 1435 2746; x_wconf 89' lang='lat' dir='ltr'><strong>capitanei</strong></span> <span class='ocrx_word' id='word_1_615' title='bbox 1451 2709 1486 2736; x_wconf 90' lang='lat' dir='ltr'><strong>et</strong></span> <span class='ocrx_word' id='word_1_616' title='bbox 1501 2704 1746 2745; x_wconf 87' lang='lat' dir='ltr'><strong>stipendiarios</strong></span> <span class='ocrx_word' id='word_1_617' title='bbox 1762 2704 1799 2735; x_wconf 89' lang='lat' dir='ltr'><strong>in</strong></span> <span class='ocrx_word' id='word_1_618' title='bbox 1815 2705 1929 2746; x_wconf 88' lang='lat' dir='ltr'><strong>platea</strong></span> <span class='ocrx_word' id='word_1_619' title='bbox 1938 2716 1947 2741; x_wconf 90' lang='lat'>;</span> 
     </span>
     <span class='ocr_line' id='line_1_51' title="bbox 102 2749 1950 2799; baseline 0.001 -12"><span class='ocrx_word' id='word_1_620' title='bbox 102 2760 136 2787; x_wconf 91' lang='lat' dir='ltr'><strong>et</strong></span> <span class='ocrx_word' id='word_1_621' title='bbox 159 2754 262 2788; x_wconf 88' lang='lat' dir='ltr'><strong>fiebat</strong></span> <span class='ocrx_word' id='word_1_622' title='bbox 284 2764 410 2799; x_wconf 86' lang='lat' dir='ltr'><strong>magna</strong></span> <span class='ocrx_word' id='word_1_623' title='bbox 432 2754 591 2787; x_wconf 88' lang='lat' dir='ltr'><strong>custodia</strong></span> <span class='ocrx_word' id='word_1_624' title='bbox 612 2755 673 2787; x_wconf 91' lang='lat' dir='ltr'><strong>illa</strong></span> <span class='ocrx_word' id='word_1_625' title='bbox 696 2761 799 2787; x_wconf 87' lang='lat' dir='ltr'><strong>nocte</strong></span> <span class='ocrx_word' id='word_1_626' title='bbox 821 2761 855 2788; x_wconf 84' lang='lat' dir='ltr'><strong>et</strong></span> <span class='ocrx_word' id='word_1_627' title='bbox 877 2765 1002 2799; x_wconf 86' lang='lat' dir='ltr'><strong>magna</strong></span> <span class='ocrx_word' id='word_1_628' title='bbox 1032 2766 1116 2799; x_wconf 90' lang='lat' dir='ltr'><strong>gens</strong></span> <span class='ocrx_word' id='word_1_629' title='bbox 1138 2756 1203 2788; x_wconf 89' lang='lat' dir='ltr'><strong>ivit</strong></span> <span class='ocrx_word' id='word_1_630' title='bbox 1233 2757 1279 2789; x_wconf 89' lang='lat' dir='ltr'><strong>ad</strong></span> <span class='ocrx_word' id='word_1_631' title='bbox 1306 2757 1444 2789; x_wconf 91' lang='lat' dir='ltr'><strong>domum</strong></span> <span class='ocrx_word' id='word_1_632' title='bbox 1468 2749 1605 2789; x_wconf 85' lang='lat' dir='ltr'><strong>illorum</strong></span> <span class='ocrx_word' id='word_1_633' title='bbox 1630 2757 1672 2789; x_wconf 92' lang='lat' dir='ltr'><strong>de</strong></span> <span class='ocrx_word' id='word_1_634' title='bbox 1697 2756 1886 2789; x_wconf 88' lang='lat' dir='ltr'><strong>Gozadinis</strong></span> <span class='ocrx_word' id='word_1_635' title='bbox 1916 2761 1950 2788; x_wconf 90' lang='lat' dir='ltr'><strong>et</strong></span> 
     </span>
     <span class='ocr_line' id='line_1_52' title="bbox 101 2807 1949 2852; baseline 0.001 -12"><span class='ocrx_word' id='word_1_636' title='bbox 101 2807 205 2840; x_wconf 86' lang='lat' dir='ltr'><strong>etiam</strong></span> <span class='ocrx_word' id='word_1_637' title='bbox 228 2808 331 2841; x_wconf 91' lang='lat' dir='ltr'><strong>valde</strong></span> <span class='ocrx_word' id='word_1_638' title='bbox 353 2808 465 2852; x_wconf 79' lang='lat' dir='ltr'><strong>major</strong></span> <span class='ocrx_word' id='word_1_639' title='bbox 485 2808 532 2840; x_wconf 85' lang='lat' dir='ltr'><strong>ad</strong></span> <span class='ocrx_word' id='word_1_640' title='bbox 555 2809 694 2841; x_wconf 86' lang='lat' dir='ltr'><strong>domum</strong></span> <span class='ocrx_word' id='word_1_641' title='bbox 717 2809 854 2842; x_wconf 91' lang='lat' dir='ltr'><strong>illorum</strong></span> <span class='ocrx_word' id='word_1_642' title='bbox 879 2809 922 2841; x_wconf 87' lang='lat' dir='ltr'><strong>de</strong></span> <span class='ocrx_word' id='word_1_643' title='bbox 937 2809 1092 2852; x_wconf 85' lang='lat' dir='ltr'><strong>Pepolis3</strong></span> <span class='ocrx_word' id='word_1_644' title='bbox 1109 2814 1143 2842; x_wconf 91' lang='lat' dir='ltr'><strong>et</strong></span> <span class='ocrx_word' id='word_1_645' title='bbox 1159 2810 1209 2842; x_wconf 90' lang='lat' dir='ltr'><strong>sic</strong></span> <span class='ocrx_word' id='word_1_646' title='bbox 1226 2815 1408 2848; x_wconf 84' lang='lat' dir='ltr'><strong>steterunt3</strong></span> <span class='ocrx_word' id='word_1_647' title='bbox 1425 2815 1459 2842; x_wconf 88' lang='lat' dir='ltr'><strong>et</strong></span> <span class='ocrx_word' id='word_1_648' title='bbox 1474 2820 1539 2852; x_wconf 91' lang='lat' dir='ltr'><strong>pro</strong></span> <span class='ocrx_word' id='word_1_649' title='bbox 1555 2810 1615 2842; x_wconf 90' lang='lat' dir='ltr'><strong>illa</strong></span> <span class='ocrx_word' id='word_1_650' title='bbox 1630 2810 1708 2842; x_wconf 90' lang='lat' dir='ltr'><strong>vice</strong></span> <span class='ocrx_word' id='word_1_651' title='bbox 1724 2810 1835 2842; x_wconf 90' lang='lat' dir='ltr'><strong>nichil</strong></span> <span class='ocrx_word' id='word_1_652' title='bbox 1852 2810 1949 2843; x_wconf 90' lang='lat' dir='ltr'><strong>aliud</strong></span> 
     </span>
     <span class='ocr_line' id='line_1_53' title="bbox 100 2860 1949 2906; baseline 0.001 -13"><span class='ocrx_word' id='word_1_653' title='bbox 100 2862 232 2894; x_wconf 79' lang='lat' dir='ltr'><strong>factum</strong></span> <span class='ocrx_word' id='word_1_654' title='bbox 254 2861 332 2894; x_wconf 79' lang='lat' dir='ltr'><strong>fuit.</strong></span> <span class='ocrx_word' id='word_1_655' title='bbox 377 2860 461 2894; x_wconf 88' lang='lat' dir='ltr'><strong>Post</strong></span> <span class='ocrx_word' id='word_1_656' title='bbox 483 2861 663 2904; x_wconf 86' lang='lat' dir='ltr'><strong>praedicta</strong></span> <span class='ocrx_word' id='word_1_657' title='bbox 685 2862 858 2895; x_wconf 87' lang='lat' dir='ltr'><strong>cridatum</strong></span> <span class='ocrx_word' id='word_1_658' title='bbox 888 2867 923 2894; x_wconf 87' lang='lat' dir='ltr'><strong>et</strong></span> <span class='ocrx_word' id='word_1_659' title='bbox 952 2862 1202 2905; x_wconf 88' lang='lat' dir='ltr'><strong>proclamatum</strong></span> <span class='ocrx_word' id='word_1_660' title='bbox 1233 2863 1301 2895; x_wconf 81' lang='lat' dir='ltr'><strong>fuit</strong></span> <span class='ocrx_word' id='word_1_661' title='bbox 1328 2863 1422 2906; x_wconf 90' lang='lat' dir='ltr'><strong>quod</strong></span> <span class='ocrx_word' id='word_1_662' title='bbox 1452 2873 1570 2895; x_wconf 90' lang='lat' dir='ltr'><strong>omnes</strong></span> <span class='ocrx_word' id='word_1_663' title='bbox 1594 2863 1758 2895; x_wconf 89' lang='lat' dir='ltr'><strong>confinati</strong></span> <span class='ocrx_word' id='word_1_664' title='bbox 1783 2862 1949 2895; x_wconf 90' lang='lat' dir='ltr'><strong>deberent</strong></span> 
     </span>
     <span class='ocr_line' id='line_1_54' title="bbox 36 2912 1948 2959; baseline 0.002 -13"><span class='ocrx_word' id='word_1_665' title='bbox 36 2912 79 2947; x_wconf 88' lang='lat'><strong>50</strong></span> <span class='ocrx_word' id='word_1_666' title='bbox 101 2914 263 2958; x_wconf 87' lang='lat' dir='ltr'><strong>elongare</strong></span> <span class='ocrx_word' id='word_1_667' title='bbox 284 2924 321 2947; x_wconf 88' lang='lat' dir='ltr'><strong>se</strong></span> <span class='ocrx_word' id='word_1_668' title='bbox 343 2925 364 2947; x_wconf 88' lang='lat' dir='ltr'><strong>a</strong></span> <span class='ocrx_word' id='word_1_669' title='bbox 387 2914 580 2948; x_wconf 84' lang='lat' dir='ltr'><strong>confinibus</strong></span> <span class='ocrx_word' id='word_1_670' title='bbox 601 2925 665 2958; x_wconf 89' lang='lat' dir='ltr'><strong>per</strong></span> <span class='ocrx_word' id='word_1_671' title='bbox 687 2925 708 2948; x_wconf 90' lang='lat' dir='ltr'><strong>c</strong></span> <span class='ocrx_word' id='word_1_672' title='bbox 730 2915 894 2948; x_wconf 88' lang='lat' dir='ltr'><strong>milliaria</strong></span> <span class='ocrx_word' id='word_1_673' title='bbox 909 2915 1010 2959; x_wconf 89' lang='lat' dir='ltr'><strong>longe</strong></span> <span class='ocrx_word' id='word_1_674' title='bbox 1025 2926 1047 2948; x_wconf 90' lang='lat' dir='ltr'><strong>a</strong></span> <span class='ocrx_word' id='word_1_675' title='bbox 1062 2915 1205 2948; x_wconf 87' lang='lat' dir='ltr'><strong>civitate</strong></span> <span class='ocrx_word' id='word_1_676' title='bbox 1227 2915 1406 2948; x_wconf 90' lang='lat' dir='ltr'><strong>Bononiae</strong></span> <span class='ocrx_word' id='word_1_677' title='bbox 1428 2915 1522 2949; x_wconf 72' lang='lat' dir='ltr'><strong>infra</strong></span> <span class='ocrx_word' id='word_1_678' title='bbox 1538 2925 1588 2948; x_wconf 89' lang='lat' dir='ltr'><strong>xv</strong></span> <span class='ocrx_word' id='word_1_679' title='bbox 1604 2916 1688 2955; x_wconf 90' lang='lat' dir='ltr'><strong>dies,</strong></span> <span class='ocrx_word' id='word_1_680' title='bbox 1704 2922 1739 2948; x_wconf 90' lang='lat' dir='ltr'><strong>et</strong></span> <span class='ocrx_word' id='word_1_681' title='bbox 1753 2916 1847 2949; x_wconf 80' lang='lat' dir='ltr'><strong>infra</strong></span> <span class='ocrx_word' id='word_1_682' title='bbox 1863 2916 1948 2949; x_wconf 89' lang='lat' dir='ltr'><strong>alios</strong></span> 
     </span>
    </p>
   </div>
   <div class='ocr_carea' id='block_1_7' title="bbox 304 3047 646 3081">
    <p class='ocr_par' dir='ltr' id='par_1_17' title="bbox 304 3047 646 3081">
     <span class='ocr_line' id='line_1_55' title="bbox 304 3047 646 3081; baseline 0 -8"><span class='ocrx_word' id='word_1_683' title='bbox 304 3048 337 3073; x_wconf 91' lang='lat' dir='ltr'><strong>T.</strong></span> <span class='ocrx_word' id='word_1_684' title='bbox 357 3047 460 3080; x_wconf 84' lang='lat' dir='ltr'><strong>xvm,</strong></span> <span class='ocrx_word' id='word_1_685' title='bbox 478 3055 506 3081; x_wconf 85' lang='lat' dir='ltr'><strong>p.</strong></span> <span class='ocrx_word' id='word_1_686' title='bbox 525 3054 549 3072; x_wconf 76' lang='grc' dir='ltr'><strong>ιι</strong></span> <span class='ocrx_word' id='word_1_687' title='bbox 569 3062 600 3067; x_wconf 92' lang='grc'>-</span> <span class='ocrx_word' id='word_1_688' title='bbox 621 3055 646 3080; x_wconf 83' lang='lat'><strong>4.</strong></span> 
     </span>
    </p>
   </div>
   <div class='ocr_carea' id='block_1_8' title="bbox 2026 518 2155 565">
    <p class='ocr_par' dir='ltr' id='par_1_18' title="bbox 2026 518 2155 565">
     <span class='ocr_line' id='line_1_56' title="bbox 2026 518 2155 540; baseline 0.008 -4"><span class='ocrx_word' id='word_1_689' title='bbox 2026 518 2101 540; x_wconf 72' lang='lat' dir='ltr'><strong>Mun..</strong></span> <span class='ocrx_word' id='word_1_690' title='bbox 2120 518 2155 537; x_wconf 76' lang='lat'><strong>15⁸</strong></span> 
     </span>
     <span class='ocr_line' id='line_1_57' title="bbox 2026 545 2114 565; baseline 0 -2"><span class='ocrx_word' id='word_1_691' title='bbox 2026 550 2045 565; x_wconf 84' lang='lat' dir='ltr'><strong>c.</strong></span> <span class='ocrx_word' id='word_1_692' title='bbox 2060 545 2087 564; x_wconf 80' lang='lat'><strong>80</strong></span> <span class='ocrx_word' id='word_1_693' title='bbox 2102 551 2114 563; x_wconf 76' lang='lat' dir='ltr'><strong>a</strong></span> 
     </span>
    </p>
   </div>
   <div class='ocr_carea' id='block_1_9' title="bbox 2025 1487 2114 1509">
    <p class='ocr_par' dir='ltr' id='par_1_19' title="bbox 2025 1487 2114 1509">
     <span class='ocr_line' id='line_1_58' title="bbox 2025 1487 2114 1509; baseline 0.011 -1"><span class='ocrx_word' id='word_1_694' title='bbox 2025 1494 2042 1509; x_wconf 80' lang='lat' dir='ltr'><strong>c.</strong></span> <span class='ocrx_word' id='word_1_695' title='bbox 2059 1487 2114 1509; x_wconf 65' lang='lat'><strong>8611</strong></span> 
     </span>
    </p>
   </div>
   <div class='ocr_carea' id='block_1_10' title="bbox 2021 2342 2115 2365">
    <p class='ocr_par' dir='ltr' id='par_1_20' title="bbox 2021 2342 2115 2365">
     <span class='ocr_line' id='line_1_59' title="bbox 2021 2342 2115 2365; baseline -0.011 -4"><span class='ocrx_word' id='word_1_696' title='bbox 2021 2347 2041 2362; x_wconf 84' lang='lat' dir='ltr'><strong>c.</strong></span> <span class='ocrx_word' id='word_1_697' title='bbox 2057 2342 2115 2365; x_wconf 70' lang='lat'><strong>8712</strong></span> 
     </span>
    </p>
   </div>
   <div class='ocr_carea' id='block_1_11' title="bbox 2022 2446 2153 2472">
    <p class='ocr_par' dir='ltr' id='par_1_21' title="bbox 2022 2446 2153 2472">
     <span class='ocr_line' id='line_1_60' title="bbox 2022 2446 2153 2472; baseline 0 -6"><span class='ocrx_word' id='word_1_698' title='bbox 2022 2448 2098 2472; x_wconf 64' lang='lat' dir='ltr'><strong>Mum,</strong></span> <span class='ocrx_word' id='word_1_699' title='bbox 2117 2446 2153 2466; x_wconf 74' lang='lat'><strong>15⁹</strong></span> 
     </span>
    </p>
   </div>
  </div>
 </body>
</html>
