2196 3424
131 184 214 221 [ΛΑ.
235 187 413 220 1³21-1324]
719 178 1039 215 MEMORIALE
1066 176 1389 214 HISTORICUM
1914 173 1960 209 35

130 312 288 345 dominus
309 311 459 355 Jacobus
482 312 526 345 de
548 311 711 344 Valentia
733 317 767 344 et
789 311 905 354 plures
927 310 1011 343 alios
1033 310 1183 343 scolares
1205 309 1483 347 ultramontanos,
1508 317 1549 340 eo
1573 307 1652 350 quia
1675 307 1787 339 dictus
1809 305 1965 339 dominus

129 364 280 408 Jacobus
303 364 346 397 de
370 364 541 403 Valentia,
569 375 638 397 una
661 375 739 397 cum
762 364 916 407 pluribus
938 363 1137 401 scolaribus,
1161 367 1291 394 armata
1312 372 1414 393 manu
1430 360 1600 393 violenter
1614 359 1776 392 volebant
1792 363 1826 390 et
1848 357 1965 390 volue-

128 422 207 450 runt
230 428 353 460 rapere
370 417 553 460 quamdam
575 417 679 449 filiam
702 417 830 450 Chilini
853 417 896 449 de
920 414 1140 459 Zagnonibus
1163 415 1207 447 de
1229 413 1370 458 Argele‚
1393 418 1532 455 neptem
1555 412 1683 445 domini
1706 411 1872 455 Johannis
1892 409 1965 442 An-

130 470 234 502 dreae
259 470 429 507 doctoris;
454 470 497 502 de
521 480 589 513 quo
611 469 798 512 perpendit
821 469 960 512 quidam
982 479 1069 511 puer
1095 467 1183 500 filius
1213 467 1298 499 dicti
1320 466 1458 504 chinni,
1482 465 1539 508 qui
1569 465 1758 497 vocabatur
1786 463 1963 507 Zorg'inus‚

85 520 104 554 5
130 528 164 555 et
188 522 273 554 dixit
296 522 391 554 dicto
414 522 552 555 Chilino
576 522 648 565 ejus
670 522 770 565 patri.
816 522 862 555 Et
885 521 949 554 nisi
972 521 1118 560 fuissent
1140 520 1222 553 boni
1244 519 1348 551 vicini
1372 518 1457 551 dicti
1480 518 1617 556 Chilini,
1641 517 1698 559 qui
1715 516 1964 559 adjuvaverunt

128 575 250 618 ipsum,
274 575 343 607 filia
365 586 426 607 sua
449 575 647 617 rapiebatur
676 586 740 617 per
766 575 897 607 dictum
927 573 1104 606 scolarem.
1150 573 1252 605 Tunc
1282 572 1394 604 dictus
1422 576 1574 613 potestas
1605 570 1683 612 capi
1714 569 1800 602 fecit
1830 569 1960 601 dictum

127 628 296 660 scolarem
327 633 361 660 et
391 627 476 660 fecit
499 628 610 670 ipsum
634 627 825 670 decapitari
849 632 884 659 et
913 627 1045 658 merito.
1091 625 1136 657 Et
1165 625 1342 657 Romaeus
1371 624 1415 655 de
1446 623 1587 665 Pepolis
1617 622 1703 654 fecit
1731 627 1839 654 totum
1869 622 1962 664 quod

127 680 239 723 potuit
269 685 307 713 ut
340 680 454 713 dictus
483 681 626 713 scolaris
649 681 827 718 evaderet3
853 684 887 711 et
917 679 961 711 de
992 679 1060 711 hoc
1091 678 1204 710 dictus
1232 678 1408 710 Romaeus
1436 675 1538 708 valde
1570 674 1774 717 displicebat
1804 674 1960 707 omnibus

128 733 227 766 bonis
248 733 442 766 hominibus
466 733 614 766 civitatis
636 733 813 765 Bononiae
838 737 873 764 et
895 732 1043 764 maxime
1066 731 1134 763 illis
1163 730 1207 763 de
1230 735 1329 772 parte
1358 729 1591 766 maltraversa‚
1622 727 1702 771 quia
1724 727 1835 760 dictus
1857 726 1965 760 Chili-

67 787 106 819 10
129 797 202 825 nus,
219 786 309 827 ‚lieet
333 792 421 818 esset
444 785 520 818 vilis
543 786 760 824 conditionis,
784 790 899 818 tamen
924 789 998 817 erat
1021 784 1260 816 maltraversus
1282 782 1395 815 homo.

216 838 350 871 Eodem
373 849 475 871 anno.
500 857 540 862 -
564 839 686 870 Dictus
708 843 859 880 potestas
881 837 967 870 fecit
992 837 1080 869 mori
1102 836 1227 869 multos
1249 835 1409 868 bannitos
1432 834 1587 868 comunis
1609 833 1785 866 Bononiae
1809 837 1844 865 et
1872 833 1964 865 inter

126 891 212 924 alios
234 891 321 924 fecit
344 892 432 924 mori
455 891 661 924 Guerrinum
677 891 722 923 de
745 891 961 934 Varignana3
986 895 1020 922 et
1043 890 1166 922 Cosam
1189 888 1233 921 de
1258 888 1455 932 Gocadinis,
1479 888 1538 930 qui
1560 887 1809 919 interfecerant
1824 886 1966 918 Franci-

126 955 223 977 scum
247 945 377 977 domini
400 945 488 977 Beni
512 945 556 977 de
578 943 779 987 Varignana
802 949 837 976 et
859 943 925 975 fuit
947 941 1154 985 principium
1176 940 1257 974 mali
1281 941 1429 973 civitatis
1450 939 1637 972 Bononiae.
1912 930 1914 935 λ

215 997 350 1030 Eodem
366 1008 455 1030 anno
476 997 569 1029 1321.
594 1015 635 1020 —-
658 996 824 1028 Dominus
838 995 1031 1028 Albicellus
1054 995 1098 1027 de
1120 993 1428 1027 Bondelmontibus
1450 993 1494 1024 de
1517 991 1695 1025 Florentia
1723 991 1789 1023 fuit
1814 996 1966 1034 potestas

58 1044 102 1082 ¹15
127 1050 304 1083 Bononiae
329 1055 364 1083 et
387 1060 456 1082 non
479 1049 571 1082 stetit
594 1049 630 1081 in
653 1048 765 1081 officio
788 1049 853 1081 nisi
883 1058 908 1080 x
931 1048 1062 1086 diebus,
1093 1047 1174 1089 quia
1201 1051 1275 1078 erat
1303 1045 1438 1088 juvenis
1468 1050 1502 1077 et
1531 1044 1673 1077 tenebat
1703 1043 1802 1076 nimis
1831 1049 1965 1086 partem

125 1103 336 1136 scachesiam
360 1103 509 1136 Romaei
540 1102 584 1135 de
607 1101 747 1144 Pepolis
778 1112 844 1134 nec
875 1101 1007 1134 sciebat
1037 1100 1157 1133 facere
1188 1099 1333 1132 honesto
1363 1098 1467 1130 modo
1475 1110 1484 1135 ;
1518 1102 1552 1129 et
1587 1097 1732 1130 satiebat
1757 1096 1818 1128 tali
1847 1097 1967 1136 modo,

126 1156 220 1199 quod
242 1156 316 1198 ipse
339 1155 563 1198 reputabatur
585 1165 658 1187 esse
682 1155 791 1197 magis
812 1154 1010 1186 scachensis
1033 1163 1135 1196 quam
1157 1152 1334 1184 Romaeus
1357 1151 1401 1183 de
1425 1150 1597 1192 Peppolis.

217 1208 350 1241 Eodem
382 1219 483 1247 anno,
515 1207 570 1240 die
602 1217 681 1248 XVIJ
708 1207 792 1250 julii.
823 1225 864 1229 —
895 1207 1071 1239 Romaeus
1101 1205 1145 1237 de
1176 1204 1314 1246 Pepolis
1345 1208 1379 1235 et
1408 1203 1469 1234 filii
1499 1203 1551 1234 sui
1581 1203 1720 1234 fuerunt
1755 1202 1887 1244 expulsi
1917 1203 1961 1235 de

128 1262 268 1294 civitate
305 1261 484 1294 Bononiae
531 1266 566 1293 et
595 1261 709 1292 dictus
739 1259 896 1292 dominus
935 1257 1127 1292 Albicellus
1161 1257 1205 1289 de
1239 1255 1548 1289 Bondehnontibus
1579 1260 1732 1297 potestas
1767 1255 1869 1287 etiam
1901 1255 1967 1287 fuit

60 1316 103 1347 20
127 1315 299 1357 expulsus.
345 1315 391 1347 Et
414 1320 498 1346 tunc
520 1313 654 1346 Tuxius
676 1313 720 1345 de
742 1312 918 1345 Monzono
942 1312 985 1344 de
1009 1311 1166 1344 Bononia
1189 1309 1255 1342 fuit
1278 1309 1391 1341 factus
1420 1313 1573 1350 potestas
1602 1308 1780 1340 Bononiae
1809 1313 1844 1340 et
1874 1308 1966 1340 stetit

125 1367 236 1400 solum
259 1367 369 1400 tribus
392 1366 513 1399 diebus
536 1366 572 1398 in
594 1366 699 1398 offitio
723 1371 758 1397 et
780 1370 900 1407 postea
922 1365 1038 1397 factus
1061 1363 1128 1396 fuit
1149 1367 1303 1405 potestas
1327 1361 1486 1394 dominus
1507 1359 1641 1404 Acante
1666 1360 1710 1392 de
1733 1360 1963 1393 Foraboschis
1997 1357 1999 1359 ’

125 1420 168 1453 de
194 1420 371 1453 Florentia
393 1425 428 1452 et
450 1419 628 1452 Folcerius
650 1419 694 1451 de
718 1417 864 1451 Calbulo
887 1417 954 1449 fuit
976 1416 1186 1459 capitaneus.

214 1473 347 1506 Eodem
370 1473 563 1510 millesimo,
587 1471 643 1504 die
667 1481 756 1512 XXVJ
776 1469 862 1513 julii.
886 1488 928 1493 —
951 1469 1103 1502 Beninus
1125 1467 1272 1501 Restani
1302 1467 1368 1499 fuit
1391 1477 1573 1509 suspensus
1596 1466 1641 1498 ad
1664 1466 1815 1499 furorem
1845 1467 1965 1509 populi

126 1524 171 1557 ad
193 1524 313 1557 turn’m
337 1523 495 1556 comunis
516 1522 703 1560 Bononiae,
727 1522 787 1565 qui
810 1525 884 1553 erat
906 1531 1049 1564 magnus
1072 1519 1166 1552 civis.

59 1573 100 1607 25
212 1574 471 1608 M.CCCXXII.
494 1591 536 1596 —
558 1573 726 1605 Dominus
748 1571 914 1604 Nicolaus
936 1571 980 1603 de
1004 1569 1184 1603 Chararia'
1208 1569 1252 1602 de
1276 1569 1396 1617 Padua
1425 1569 1492 1601 fuit
1522 1573 1674 1611 potestas
1703 1568 1880 1600 Bononiae
1903 1578 1967 1610 pro

124 1628 243 1671 primis
259 1639 320 1660 sex
335 1626 519 1659 mensibus.
564 1625 732 1658 Dominus
747 1624 863 1657 Guido
880 1624 924 1656 de
941 1623 1088 1656 Polenta
1103 1623 1148 1655 de
1163 1623 1335 1655 Ravenna
1349 1622 1415 1655 fuit
1432 1622 1632 1664 capitaneus
1647 1621 1766 1664 populi
1780 1621 1967 1654 Bononiae.

211 1681 379 1714 Dominus
394 1675 599 1723 Raynaldus
614 1678 657 1710 de
674 1677 843 1711 Charusio
858 1677 924 1709 fuit
939 1676 1054 1709 factus
1076 1676 1259 1718 episcopus
1283 1675 1430 1708 civitatis
1451 1668 1639 1707 Bononiae.

214 1733 348 1766 Eodem
371 1742 472 1765 anno.
497 1750 539 1754 —
562 1732 719 1764 Fuerunt
741 1730 827 1762 faeti
857 1730 956 1762 multi
988 1729 1152 1762 confinati
1176 1729 1219 1761 de
1250 1729 1409 1761 Bononia
1439 1728 1483 1760 de
1514 1727 1617 1760 domo
1649 1728 1692 1760 de
1725 1727 1911 1760 Gozadinis
1935 1733 1970 1760 et

125 1787 169 1820 de
193 1787 269 1819 aliis
291 1789 435 1828 propter
457 1784 590 1827 aliquas
612 1783 783 1816 novitates
806 1783 850 1815 de
873 1782 989 1814 Massa
1010 1782 1287 1815 Lombardorum
1311 1786 1346 1814 et
1368 1781 1445 1813 aliis
1468 1781 1511 1813 de
1536 1781 1656 1813 causis.

58 1840 102 1871 30
213 1839 348 1872 Eodem
371 1847 472 1870 anno.
497 1855 539 1860 —
562 1837 738 1869 Romaeus
761 1836 805 1868 de
827 1835 968 1878 Pepolis
991 1844 1070 1867 cum
1094 1834 1251 1867 omnibus
1275 1834 1422 1876 expulsis
1445 1834 1489 1866 de
1505 1839 1603 1876 parte
1627 1844 1688 1866 sua
1710 1838 1745 1865 et
1761 1842 1838 1865 cum
1854 1833 1968 1866 multis

122 1893 167 1925 de
201 1890 434 1925 Romandiola
469 1895 503 1923 et
533 1889 577 1922 de
607 1889 750 1922 Feraria
780 1894 816 1921 et
843 1898 920 1920 cum
957 1893 1106 1921 tractatu
1135 1887 1325 1930 aliquorum
1362 1886 1630 1919 Bononiensium
1661 1886 1705 1918 de
1735 1891 1832 1928 parte
1870 1886 1969 1918 scha-

124 1945 244 1978 chensi
265 1949 434 1977 venerunt
456 1949 612 1985 tempore
636 1942 747 1974 noctis
769 1941 958 1974 Bononiam
975 1951 1052 1973 cum
1068 1941 1176 1973 Testa
1191 1940 1234 1972 de
1252 1940 1448 1978 Gozadinis,
1473 1949 1576 1972 causa
1590 1939 1741 1971 intrandi
1756 1950 1819 1981 per
1833 1945 1968 1981 portam

121 2004 248 2032 stratae
279 1997 432 2041 Maioris.
479 1997 525 2030 Et
554 2001 636 2028 tunc
666 1995 836 2038 regimina
858 1994 1005 2027 civitatis
1029 1999 1209 2027 senserunt
1232 1993 1298 2026 hoc
1323 1998 1357 2025 et
1379 1993 1543 2025 miserunt
1564 1998 1767 2034 potestatem
1791 1992 1968 2025 Bononiae

122 2061 200 2084 cum
223 2051 386 2095 gentibus
406 2055 441 2083 et
463 2060 542 2082 cum
572 2048 704 2081 civibus
734 2053 769 2080 et
791 2047 995 2090 expulerunt
1017 2047 1111 2089 ipsos
1133 2057 1252 2079 omnes
1283 2051 1318 2078 et
1347 2045 1471 2078 multos
1493 2051 1659 2088 ceperunt
1689 2051 1724 2078 et
1753 2045 1885 2088 aliquos
1914 2056 1970 2078 su-

55 2103 97 2137 35
124 2105 337 2147 spenderunt
359 2114 423 2146 per
445 2102 560 2146 gulam
584 2102 629 2134 ad
655 2107 797 2144 pontem
819 2102 947 2134 Fossae
971 2100 1183 2139 Cavallinae,
1206 2099 1265 2132 ubi
1288 2100 1505 2141 reperierunt
1527 2099 1619 2141 ipsas
1642 2104 1773 2141 gentes.
1819 2099 1864 2131 Et
1886 2104 1968 2131 tune

123 2157 217 2190 dicta
239 2157 283 2189 de
307 2166 411 2188 causa
433 2155 530 2188 multi
554 2154 715 2187 confinati
737 2154 879 2186 fuerunt
902 2154 946 2186 de
968 2153 1125 2186 Bononia
1149 2158 1183 2185 et
1205 2152 1368 2191 Thomas,
1383 2152 1471 2184 filius
1485 2151 1614 2184 Leonis
1630 2152 1674 2183 de
1696 2151 1880 2190 Leonibus,
1903 2152 1969 2184 fuit

111 2210 350 2252 „decapitatum
368 2214 403 2242 et
418 2209 509 2241 inter
531 2208 616 2241 alios
639 2208 706 2240 fuit
729 2207 918 2240 confinatus
940 2205 1136 2239 Anthonius
1159 2206 1202 2238 de
1227 2205 1440 2238 Griffonibus
1464 2210 1498 2237 et
1520 2205 1641 2237 §uisset
1664 2205 1888 2247 decapitatus,
1905 2205 1970 2238 nisi

122 2264 244 2296 fuisset
267 2262 424 2295 dominus
447 2261 563 2294 Guido
587 2261 631 2293 de
654 2260 832 2303 Zapolino,
849 2269 950 2293 socer
964 2259 1070 2302 ipsius
1084 2258 1262 2297 Anthonii‚
1280 2259 1334 2291 cui
1350 2258 1445 2291 facta
1460 2258 1527 2290 fuit
1542 2258 1652 2301 gratia
1673 2268 1841 2300 personae
1864 2258 1970 2300 ipsius

121 2315 299 2355 Anthonii‚
316 2315 368 2348 sui
388 2314 519 2358 generi,
543 2314 601 2357 qui
623 2314 690 2346 fuit
712 2313 903 2346 confinatus
924 2313 969 2346 ad
993 2312 1310 2350 Sassumferratum,
1334 2311 1392 2343 ubi
1407 2322 1477 2343 non
1500 2311 1592 2344 stetit
1615 2310 1681 2343 nisi
1702 2321 1772 2343 uno
1795 2322 1911 2344 mense
1936 2316 1971 2344 et

55 2370 97 2401 40
121 2369 189 2401 fuit
211 2379 371 2401 reversus
394 2367 474 2410 quia
497 2373 654 2410 repertus
677 2367 743 2399 fuit
765 2376 834 2399 non
858 2377 932 2398 esse
956 2366 1071 2409 aliquo
1094 2366 1198 2398 modo
1222 2364 1402 2407 culpabilis
1425 2364 1470 2396 de
1492 2364 1690 2406 praedictis.

210 2420 502 2455 M.CCCXX1111.
526 2419 661 2453 Eodem
684 2429 786 2452 anno,
811 2437 853 2442 -—
875 2419 1042 2452 Dominus
1065 2418 1251 2451 Zannatius
1273 2418 1317 2450 de
1342 2417 1548 2450 Salimbenis
1565 2417 1608 2449 de
1624 2417 1802 2450 Placentia
1825 2417 1890 2450 fuit
1906 2428 1968 2460 po-

121 2480 225 2507 testas
239 2474 417 2507 Bononiae
440 2483 504 2516 pro
527 2473 646 2515 primis
669 2483 730 2505 sex
752 2472 933 2505 mensibus.
979 2472 1146 2505 Dominus
1168 2471 1347 2514 Ingramus
1363 2470 1407 2503 de
1423 2470 1599 2514 Malpiglis
1617 2470 1660 2502 de
1679 2469 1807 2503 Sancto
1821 2469 1969 2503 Miniato

122 2526 189 2558 fuit
212 2525 414 2568 capitaneus
435 2534 499 2567 pro
522 2523 650 2566 primis.
875 2545 882 2551 -

209 2576 343 2610 Eodem
366 2586 467 2608 anno.
491 2593 533 2598 -—
556 2575 688 2617 Lippus
711 2575 755 2607 de
778 2575 941 2608 Manticis
964 2575 1008 2608 de
1039 2580 1145 2607 strata
1166 2573 1290 2617 Majori
1314 2573 1379 2605 fuit
1409 2573 1634 2615 decapitatus,
1667 2582 1708 2605 eo
1739 2572 1820 2615 quia
1845 2572 1907 2605 ivit
1935 2572 1970 2604 in

55 2628 96 2662 45
122 2629 270 2673 quodam
293 2629 531 2673 guarnimento
552 2628 589 2660 in
612 2628 774 2661 comitatu
797 2633 920 2661 contra
943 2638 1089 2661 comune
1111 2627 1288 2660 Bononiae
1312 2637 1388 2659 cum
1412 2626 1478 2658 illis
1501 2626 1544 2658 de
1568 2625 1713 2669 Vicano.

208 2683 343 2716 Eodem
367 2691 467 2714 anno.
493 2700 535 2705 —
559 2681 724 2715 Dominus
746 2680 910 2714 Albertus
932 2681 976 2713 de
999 2680 1126 2723 Pelajis
1150 2681 1193 2713 de
1218 2680 1344 2713 Sancto
1368 2679 1572 2712 Geminiano
1595 2679 1661 2711 fuit
1683 2684 1834 2721 potestas
1855 2678 1970 2712 Bono-

120 2736 198 2769 niae
221 2746 286 2778 pro
309 2734 470 2768 secundis
492 2729 664 2767 mensibus
679 2740 713 2767 et
730 2734 887 2767 dominus
909 2734 1115 2767 Franciscus
1139 2734 1182 2766 de
1206 2733 1328 2766 Bardis
1344 2733 1387 2765 de
1403 2732 1579 2765 Florentia
1593 2731 1661 2764 fuit
1684 2731 1883 2774 capitaneus
1905 2743 1969 2774 po-

122 2787 194 2830 puli
215 2797 280 2830 pro
304 2786 406 2819 dictis
428 2786 591 2819 secundis
613 2785 797 2819 mensibus.

212 2892 259 2919 3-4
276 2887 420 2919 neptem..
432 2903 454 2911 ..
473 2884 607 2919 doctoris]
627 2894 696 2919 agg.
710 2884 760 2918 pia
778 2885 856 2912 tardi
872 2899 905 2905 —
919 2891 952 2918 32
965 2893 1030 2911 cum
1049 2886 1136 2911 Testa
1154 2885 1187 2910 de
1207 2883 1370 2917 Gozadinis]
1389 2884 1482 2909 scritto
1500 2891 1531 2909 su
1543 2883 1674 2909 abrasum
1689 2897 1721 2902 —
1734 2887 1768 2915 45
1781 2890 1845 2908 eum
1858 2882 1913 2908 mis
1933 2882 1967 2908 de

123 2928 244 2963 Vicano]
263 2937 333 2962 agg.
346 2927 397 2961 pi&
415 2928 492 2954 tardi

0 3321 9 3424 -v—-rvv
0 3303 7 3315 w

2043 1574 2062 1588 c.
2077 1567 2105 1592 ⁶⁴
2119 1569 2132 1588 b

2042 1595 2118 1621 Mum,
2136 1595 2171 1615 1⁴1
