2196 3424
32 550 34 554 “
71 552 90 586 5

24 802 90 849 {¹⁰

23 1048 90 1094 „15

47 1291 92 1324 20

52 1921 95 1954 3ο

17 2398 30 2408 2
53 2377 97 2412 35

27 2717 96 2778 ἕω

840 197 1249 236 INTRODUZIONE

473 333 668 366 Gran-rom.

116 407 149 433 de
166 406 349 436 Griffonihua,
367 406 396 430 et
415 405 550 430 dominus
574 404 712 430 chax-olus
730 403 810 429 dedit
827 410 914 429 unam
932 409 1012 428 uuam

118 456 204 481 filiam
222 453 396 480 domitellam
415 453 603 484 Brandelixio,
621 452 680 478 filio
705 452 772 477 dicti
791 450 936 482 Bonifatii,
962 457 1015 483 pro

114 500 192 529 bona
202 510 270 537 pace
281 503 355 528 inter
366 509 414 527 eos
426 501 625 526 conservanda.
645 501 753 526 Tamen
764 501 910 525 occulone
923 499 1015 524 dictae

118 553 283 579 mantionis
302 552 372 577 dicti
390 551 479 576 status
496 550 564 576 facti
581 550 697 576 fixerunt
715 550 803 582 aliqui
827 549 962 574 confinatl
981 548 1015 573 de

116 602 196 634 parte
215 599 426 626 Gozadinorum
443 601 542 625 contra
560 599 735 624 voluntatem
754 598 824 623 dicti
842 596 967 622 Mathael
980 597 1015 622 de

117 649 293 676 Griffonibun
310 649 501 680 confalonerii,
519 650 568 682 qui
579 649 748 681 repugnavit
760 648 897 681 quantum
909 646 1014 680 potuit.

117 699 155 724 Et
172 699 322 724 occulone
336 697 424 723 dictae
437 697 574 722 novItatIs
585 696 732 722 redierunt
750 695 913 721 Bononiam
932 694 1015 719 multi

118 747 226 780 expulsi
243 747 273 772 et
290 746 413 778 banniti,
432 747 506 771 luter
522 753 594 778 quos
622 746 735 771 fuerunt
762 745 894 770 dominus
917 744 1015 769 Barta-

117 796 242 822 lomaeus
260 795 294 821 de
312 795 431 821 saliceto
449 795 551 820 doctor
567 795 668 828 legum,
689 794 822 820 dominus
843 793 963 826 Jacobus
981 791 1015 817 de

118 845 250 871 Ynolaniz
258 845 350 878 legum
359 843 467 875 doctor,
477 843 732 877 domiuusJaeobus
741 843 776 868 de
787 842 908 868 Saliceto
917 842 1016 867 doctor

117 894 218 927 legum,
236 900 330 919 comes
349 892 513 918 Leontii-dus
525 893 560 918 de
573 893 690 923 Punico,
704 891 757 917 flul
775 890 888 917 domini
900 889 1015 915 Alberte

117 943 154 968 de
171 943 306 974 Galucilc,
324 943 425 968 Petrus
442 942 544 967 Nicola
571 941 606 967 de
632 941 804 975 Alba-gatis,
831 940 956 966 Nerinus
979 938 1015 964 de

118 990 242 1018 Guneus
260 991 291 1017 et
308 991 391 1017 multi
407 988 465 1017 alii.

1344 329 1468 362 Tus-ro
1491 328 1686 362 VuLGATo.

1069 399 1159 434 ΐο111].ι
1177 401 1214 427 Et
1230 401 1279 434 qui
1297 402 1328 426 in
1346 400 1457 433 palaon
1475 400 1506 426 fu
1523 401 1645 426 tractato
1658 407 1708 433 per
1719 406 1789 432 pue
1802 399 1835 424 de
1847 399 1905 424 tuti
1916 398 1966 423 che

1069 457 1126 475 una
1142 449 1245 482 figliola
1257 449 1382 474 donzella
1394 449 1429 474 de
1443 450 1541 474 misser
1553 447 1699 474 Bonifazio
1712 447 1822 473 truteno
1835 446 1878 472 del
1891 447 1966 472 dlcto

1069 499 1169 523 Nanne
1187 497 1261 524 fusse
1278 498 1342 524 data
1358 505 1411 530 per
1428 498 1562 531 mogliere
1579 505 1595 523 a
1607 497 1740 523 Zohanne
1752 496 1856 529 figliolo
1876 496 1910 521 de
1925 495 1967 521 Ia-

1069 546 1149 572 como
1169 546 1298 572 Griffone
1316 548 1345 572 et
1362 546 1469 579 havela,
1487 548 1516 571 et
1535 547 1634 572 mIsser
1651 545 1754 572 chau-10
1776 544 1818 570 de’
1837 552 1894 570 una
1916 551 1967 569 noa

1068 595 1172 628 figliola
1189 595 1315 622 donzella
1332 602 1349 621 a
1366 595 1531 620 Brandelixe
1549 595 1614 620 fiolo
1633 594 1678 620 del
1695 594 1772 619 dicto
1791 594 1893 619 misser
1913 593 1967 617 Βο-

1069 643 1187 675 nifazim
1202 645 1277 670 tuctu.
1295 645 1372 669 volta.
1389 651 1440 676 per
1457 644 1556 676 questa
1574 644 1732 668 mutatIone
1749 641 1834 667 fumo
1847 641 1913 667 facti
1930 640 1968 665 al-

1069 693 1155 718 chuni
1172 693 1308 718 eonfinnti
1327 693 1361 718 de
1378 693 1399 718 li
1417 693 1499 718 amisi
1517 692 1552 717 de
1570 693 1671 717 Nanne
1696 691 1844 717 Gozadino
1868 690 1968 715 contra

1069 741 1096 766 la
1113 739 1229 767 volout&³
1247 742 1292 767 del
1310 742 1385 767 dicto
1404 740 1514 766 MuthIo
1532 739 1726 766 conmoniero
1745 739 1795 765 che
1807 746 1867 764 non
1885 735 1968 771 posse

1068 790 1148 815 tauto
1168 791 1299 815 resistere
1311 791 1340 815 et
1352 790 1378 815 si
1390 787 1507 815 retomo
1520 790 1551 814 in
1563 789 1689 822 Bologna
1700 788 1813 814 alchuui
1825 785 1968 812 conflandi

1069 839 1098 863 et
1114 838 1238 863 obauditi
1255 839 1301 864 tra
1318 838 1339 864 li
1357 838 1434 871 quali
1450 837 1521 863 suno
1540 837 1627 871 quinti
1645 834 1708 862 zob:

1156 887 1259 913 Miner
1275 886 1451 913 BartolomIo
1470 886 1506 911 da
1523 885 1642 911 Saliseto
1660 885 1774 911 dottore

1157 936 1258 962 Miner
1274 934 1386 964 Iecomo
1405 935 1440 960 de
1458 934 1578 960 Ysolani
1597 933 1707 959 dottore

1157 984 1260 1010 Minaei·
1275 983 1389 1010 Iacomo
1408 983 1442 1009 de
1462 980 1549 1009 Saliae
1568 982 1681 1009 dottore
1698 981 1763 1008 fiolo
1782 981 1825 1007 del
1837 979 1966 1014 predicto

1071 1032 1174 1058 mleser
1191 1032 1367 1059 Bartolomio
1773 1045 1776 1047 -

1156 1082 1183 1108 el
1200 1083 1282 1108 conte
1300 1080 1448 1107 Leonas-do
1468 1081 1504 1106 da
1523 1080 1637 1113 Panego
1902 1102 1906 1108 .

1157 1130 1291 1163 Opplzzo,
1302 1130 1440 1161 Antonio,
1451 1129 1572 1160 Iacomo,
1581 1127 1744 1155 Brandelixe
1756 1127 1859 1154 statem
1871 1128 1900 1153 e‘t
1909 1126 1968 1152 fioli

1068 1179 1103 1204 de
1123 1179 1222 1205 mlsser
1239 1179 1358 1205 Alberto
1376 1179 1410 1204 de
1429 1178 1551 1204 Ganuzzi

1157 1229 1253 1254 Pietro
1271 1227 1392 1254 Nichola
1409 1228 1442 1252 de
1460 1226 1611 1260 Albergutl

1157 1277 1257 1303 Nerim
1274 1276 1340 1302 fiolo
1359 1277 1393 1302 de
1412 1277 1510 1302 misser
1527 1275 1651 1308 Ugolino
1669 1274 1703 1300 de
1721 1274 1833 1301 Gauuzi

1156 1326 1193 1351 Li
1211 1325 1286 1358 qua-ll
1304 1333 1390 1351 erano
1418 1326 1493 1351 tucti
1520 1324 1695 1350 malti-aversi
1713 1325 1743 1349 et
1766 1330 1829 1349 cum
1846 1323 1868 1349 u
1892 1323 1968 1357 quali

1069 1376 1169 1402 misser
1187 1375 1290 1401 Charlo
1310 1373 1502 1400 Zambecharo
1520 1371 1667 1399 s'achontb.

225 1481 435 1526 Qualcuno,
463 1492 554 1528 pure
574 1479 830 1516 ammettendo
847 1477 1130 1527 l'ugnaglianza,
1151 1477 1334 1526 potrebbe
1353 1476 1602 1513 conchiudere
1621 1476 1689 1512 che
1708 1476 1746 1512 fu
1764 1475 1790 1512 il
1812 1476 1970 1512 Griffoni

119 1557 142 1581 a
169 1544 326 1592 togliere
353 1542 415 1579 dal
442 1543 686 1590 compilatore
715 1541 776 1578 del
810 1542 927 1578 Testo
962 1541 1129 1589 Vulgato
1157 1553 1178 1576 e
1206 1552 1280 1576 non
1315 1544 1448 1588 questo
1475 1539 1524 1574 da
1552 1538 1688 1587 quello.

50 1608 93 1643 25
120 1607 304 1643 obiettare
333 1605 401 1641 che
430 1605 466 1641 la
492 1610 622 1641 natura
649 1604 748 1641 delle
767 1604 905 1640 notizie
926 1605 947 1639 e
966 1604 1038 1640 tale
1057 1604 1126 1639 che
1144 1608 1272 1652 queste
1300 1613 1374 1637 non
1401 1607 1591 1649 potevano
1618 1601 1686 1637 che
1706 1612 1828 1637 essere
1847 1601 1970 1637 scritte

407 1668 531 1704 Infatti
559 1668 597 1702 in
624 1672 718 1703 tutta
745 1666 906 1702 l’annata
933 1667 962 1702 si
989 1665 1092 1713 parla
1119 1665 1157 1701 di
1175 1664 1324 1701 Matteo
1344 1664 1521 1711 Griffoni3
1550 1664 1579 1699 si
1606 1663 1761 1699 direbbe
1780 1663 1883 1712 quasi
1901 1663 1969 1699 che

118 1669 167 1705 da
192 1668 353 1704 Matteo.

1743 1538 1811 1575 Ma
1838 1539 1867 1575 si
1895 1540 1970 1586 pub

119 1730 192 1778 egli
218 1731 315 1767 fosse
342 1730 379 1766 la
407 1729 609 1778 principale
637 1740 795 1777 persona
822 1727 938 1764 allora
966 1729 1003 1764 in
1029 1727 1213 1775 Bologna,
1242 1726 1303 1763 dal
1331 1731 1528 1762 momento
1564 1725 1632 1761 che
1659 1726 1697 1761 in
1723 1731 1854 1774 questo
1888 1737 1970 1762 rac-

119 1798 231 1829 oonto
258 1792 284 1828 il
311 1804 378 1829 suo
404 1804 516 1828 nome
544 1803 689 1839 occupa
715 1791 740 1826 il
768 1791 889 1839 primo
917 1795 1040 1838 posto.¹
1093 1790 1242 1835 Invece,
1282 1800 1390 1824 come
1427 1788 1512 1824 tutti
1549 1799 1664 1824 sanno
1691 1787 1724 1823 le
1753 1787 1869 1835 figure
1906 1788 1968 1835 piu

118 1855 333 1903 importanti
361 1866 473 1890 erano
501 1854 638 1890 Nanne
667 1853 888 1898 Gozzadini‚
920 1853 1033 1889 Carlo
1060 1852 1305 1889 Zambeccari
1323 1863 1403 1888 ecc.
1425 1862 1445 1886 e
1466 1862 1540 1886 non
1565 1849 1714 1886 Matteo
1734 1849 1759 1885 il
1778 1849 1887 1899 quale
1907 1862 1970 1886 era

121 1917 422 1965 semplicemente
450 1916 700 1953 confaloniere
728 1916 766 1951 di
793 1916 976 1963 giustizia.
1032 1915 1101 1951 Chi
1129 1920 1268 1962 poteva
1297 1925 1407 1949 avere
1435 1913 1610 1949 interesse
1631 1924 1652 1947 a
1672 1912 1760 1948 dare
1780 1924 1802 1948 a
1819 1911 1970 1948 Matteo

119 1979 146 2015 il
172 1985 284 2028 posto
309 1980 374 2027 piu
401 1979 480 2016 alto
507 1979 606 2027 negli
633 1978 885 2015 avvenimenti
913 1978 1127 2025 importanti
1165 1989 1231 2024 per
1258 1977 1271 2011 i
1298 1975 1552 2022 rivolgimenti
1589 1974 1628 2010 di
1663 1979 1764 2010 stato
1791 1974 1829 2010 di
1865 1974 1968 2023 quel-

120 2041 268 2079 l’anno?
296 2042 506 2079 niun>altro
535 2041 604 2078 che
631 2040 669 2076 lo
696 2046 815 2077 stesso
845 2040 1015 2084 Griffoni,
1045 2051 1155 2075 come
1193 2038 1254 2075 del
1290 2043 1392 2075 rest'o
1429 2036 1503 2084 egli
1540 2048 1603 2073 era
1639 2037 1748 2073 solito
1775 2036 1869 2073 fare:
1906 2038 1968 2084 gib

119 2105 245 2152 troppi
273 2105 414 2152 esempi
442 2104 617 2140 abbiamo
644 2104 783 2151 portati
811 2102 848 2138 di
875 2102 1003 2150 luoghi
1032 2101 1092 2138 del
1117 2101 1341 2137 Memoriale
1368 2099 1435 2137 che
1462 2104 1622 2136 tornano
1651 2099 1777 2135 alode
1805 2099 1965 2147 propria.

119 2167 209 2203 Non
235 2169 310 2215 pub
338 2166 485 2215 dunque
514 2166 652 2203 esservi
680 2166 787 2202 alcun
813 2164 955 2201 dubbio
969 2161 994 2200 ².

1014 2372 1080 2409 IX.

227 2491 284 2528 La
311 2491 528 2527 narrazione
556 2490 616 2526 del
637 2490 796 2526 Griffoni
816 2491 837 2525 ὲ
855 2500 1000 2536 sempre
1019 2488 1119 2525 filata
1139 2500 1159 2524 e
1178 2488 1203 2523 il
1221 2488 1284 2534 piu
1303 2488 1371 2523 che
1390 2493 1529 2534 poteva
1557 2487 1779 2524 obbiettiva:
1799 2486 1970 2535 l’espres-

121 2554 224 2589 sione
252 2553 312 2590 del
340 2553 504 2601 giudizio
531 2552 724 2600 personale
754 2552 910 2588 avviene
936 2556 1156 2587 raramente.
1210 2550 1387 2586 Tuttavia
1413 2549 1629 2595 dobbiamo,
1658 2549 1812 2597 rispetto
1832 2549 1866 2585 al
1885 2551 1967 2597 giu-

121 2615 221 2652 dizio
248 2615 487 2660 individuale,
516 2627 625 2662 porre
652 2627 702 2650 un
733 2620 849 2661 punto
877 2613 915 2649 di
948 2612 1128 2649 divisione
1156 2612 1216 2648 nel
1251 2612 1485 2649 Memoriale.
1539 2611 1682 2648 Avanti
1718 2611 1863 2657 l'esilio,
1901 2612 1969 2648 che

121 2689 289 2714 avvenne
317 2677 377 2714 nel
412 2677 522 2722 1403,
552 2677 626 2725 egli
640 2677 683 2720 ‚si
711 2682 851 2712 mostra
869 2675 964 2712 assai
982 2675 1099 2711 libero
1118 2675 1177 2710 nei
1195 2674 1353 2722 giudizi3
1373 2673 1434 2710 dal
1459 2674 1555 2710 1404
1575 2675 1613 2709 in
1631 2674 1695 2721 poi
1714 2674 1845 2710 invece
1864 2686 1970 2710 narra

123 2741 136 2775 i
153 2740 234 2777 fatti
262 2751 282 2775 a
309 2751 420 2776 mano
439 2751 460 2775 a
479 2750 590 2775 mano
611 2739 680 2775 che
699 2738 926 2784 succedono,
953 2749 1015 2773 ma
1042 2749 1116 2773 non
1142 2738 1189 2773 ha
1207 2737 1310 2785 quasi
1329 2737 1404 2772 mai
1423 2736 1672 2773 osservazioni
1692 2737 1902 2784 soggettive
1922 2736 1969 2772 da

210 2885 219 2903 ¹
237 2887 382 2920 Aggiunta
391 2887 555 2920 esplicativa
568 2886 613 2912 del
624 2886 768 2919 compilat.
781 2886 826 2911 del
836 2886 922 2910 Teste
936 2884 1018 2917 Vulg.
1071 2883 1189 2910 diversa.
1225 2883 1330 2909 Inoltre
1347 2881 1363 2908 ὲ
1381 2882 1417 2908 da
1435 2889 1578 2909 osset-vare
1590 2882 1640 2908 che
1652 2882 1698 2908 nel
1711 2882 1746 2908 T.
1765 2882 1802 2908 V.
1815 2889 1865 2915 per
1876 2889 1969 2908 errore

209 2926 221 2945 ²
238 2918 261 2953 ὲ
278 2928 314 2955 da
331 2929 442 2955 notu-si
453 2928 504 2954 che
515 2928 610 2954 Panno
625 2935 691 2961 140²
710 2928 754 2953 del
772 2928 806 2953 T.
819 2928 856 2953 V.
869 2926 884 2952 ὲ
896 2928 927 2952 in
940 2927 1020 2959 parte
1071 2936 1143 2954 nono
1161 2929 1224 2954 date
1241 2930 1318 2954 sotto
1336 2928 1358 2954 11
1378 2934 1444 2961 140²
1464 2927 1549 2953 molte
1566 2927 1673 2953 notizIe
1690 2927 1740 2953 che
1752 2935 1823 2953 sono
1835 2927 1878 2952 del
1892 2934 1970 2960 ²4⁰¹·

85 2974 88 2979 '
121 2973 182 3000 :olo
198 2981 282 3007 preco
299 2974 344 3000 dal
362 2974 497 3007 Griffoni,
516 2976 613 3001 invece
631 2975 711 3007 parte
729 2972 744 2998 ὲ
762 2981 857 2999 nuova
875 2981 893 2999 o
915 2973 1018 3006 meglio
1072 2972 1117 2999 ef.
1137 2973 1220 2998 Mem.
1236 2973 1305 3004 bist„
1324 2972 1360 2998 ad
1377 2979 1420 2998 aa.
1442 2978 1548 3005 1401-2.
