2242 3418
73 1386 92 1402 c.
106 1386 149 1404 12³
162 1381 174 1401 b

95 2283 144 2303 ux„
159 2278 196 2300 187

263 150 307 189 72
798 145 1079 183 MATTHAEI
1106 145 1178 181 DE
1207 143 1555 181 GRIFFONIBUS
1943 149 1993 185 [Α.
2012 150 2101 186 1376]

346 282 477 314 Eodem
500 289 591 312 anno
615 284 649 311 et
672 288 797 311 mense.
823 297 863 301 —
888 278 1019 311 Civitas
1043 275 1186 310 Forlivii
1209 286 1245 308 se
1268 275 1449 308 rebellavit
1471 280 1594 308 contra
1620 275 1824 314 Ecclesiam,
1848 276 1930 319 quia
1960 276 2100 320 quidam

258 335 418 379 magister
440 332 594 376 Julianus
618 332 660 364 de
684 331 863 375 Nomaglis
886 331 929 363 de
954 331 1047 363 dicta
1071 336 1172 368 terra,
1189 329 1343 361 medicus
1366 328 1409 360 de
1432 333 1530 370 parte
1553 327 1752 372 ghibellina‚
1773 338 1851 361 cum
1874 329 1951 362 aliis
1973 330 2102 372 partia-

260 387 349 420 libus
371 387 573 429 expulerunt
596 384 740 417 Guelfos
756 384 799 416 de
815 383 977 422 Forlivio,
995 383 1054 426 qui
1069 382 1117 415 ibi
1141 381 1303 415 tenebant
1320 386 1453 423 partem
1476 386 1616 413 sanctae
1637 381 1814 414 Ecclesiae
1837 381 1886 417 et'
1910 382 2102 415 habuerunt

257 440 396 472 rocham
419 450 440 470 a
463 438 612 481 quodam
636 437 889 469 ultramontano
913 435 1099 468 castellano
1122 445 1186 477 pro
1209 434 1364 476 pecuniis
1388 444 1465 466 cum
1488 433 1616 466 auxilio
1639 434 1926 484 Florentinorum.
1972 435 2018 467 Et
2040 445 2102 477 po-

258 498 329 524 stea
352 501 414 534 per
436 491 609 523 modicum
632 495 765 532 tempus
789 489 875 521 dicti
898 488 1087 521 Ghibellini
1110 487 1280 520 dederunt
1304 487 1492 520 dominium
1517 487 1631 519 dictae
1661 487 1810 520 civitatis
1840 488 1979 520 domino
2011 487 2102 520 Sini-
2148 486 2165 519 5

256 544 360 577 baldo
384 544 427 576 de
450 542 629 576 Ordelaffis
655 542 700 575 de
726 542 879 575 Forlivio
909 546 944 573 et
975 540 1157 583 nepotibus
1187 540 1266 579 suis,
1290 549 1376 583 quos
1405 539 1670 572 introduxerunt
1700 540 1736 571 in
1768 540 1896 573 dictam
1927 541 2101 574 civitatem

256 601 377 628 contra
404 595 606 628 Ecclesiam.
1910 605 1914 608 ·

343 648 475 681 Eodem
499 658 600 680 anno.
626 666 667 670 —
691 647 858 680 Dominus
881 646 1054 690 johannes
1076 645 1182 690 Agud
1206 656 1284 678 cum
1306 644 1467 689 gentibus
1497 645 1644 690 anglicis
1671 645 1902 688 stipendiariis
1925 645 2102 679 Ecclesiae

254 702 390 734 iverunt
413 701 459 733 ad
482 701 678 743 ponendum
702 701 889 732 exercitum
913 700 959 731 ad
982 705 1131 732 castrum
1156 698 1349 735 Gai-naroli.

343 754 475 786 Eodem
498 763 600 786 anno.
626 772 667 776 ——
691 753 910 785 Revellatum
934 753 1001 784 fuit
1024 757 1173 784 castrum
1196 751 1407 784 Masimatici
1430 752 1612 784 comitatus
1634 752 1812 784 Bononiae
1835 759 1956 786 contra
1979 753 2102 785 Eccle-
2129 752 2168 785 10

254 807 337 839 siam
360 817 423 849 per
445 807 611 850 quosdam
635 806 805 844 bannitos,
822 806 881 848 qui
904 805 1120 837 intraverunt
1143 805 1179 836 in
1202 805 1324 847 ipsum,
1342 805 1404 837 sed
1419 805 1533 837 statim
1550 805 1617 837 fuit
1632 806 1681 837 eis
1697 805 1859 838 ablatum.
1905 806 1952 838 Et
1974 806 2103 848 princi-

254 860 352 901 palis,
369 860 428 902 qui
451 859 639 891 intraverat
662 859 764 897 intus,
781 858 848 890 fuit
871 857 1080 890 Princivalle
1104 857 1147 890 de
1169 857 1383 901 Butrigariis,
1402 858 1462 901 qui
1478 863 1560 890 tunc
1577 858 1644 890 fuit
1659 864 1813 891 mortuus
1828 864 1863 891 et
1879 864 1983 901 caput
2006 869 2102 891 suum

254 912 320 944 fuit
343 917 561 954 apportatum
584 912 620 943 in
643 911 819 949 Bononia;
845 916 880 943 et
904 910 1016 943 dictus
1039 910 1256 943 Prencivalle
1280 915 1354 943 erat
1377 910 1549 950 bannitus,
1574 911 1634 954 qui
1657 911 1880 944 interfecerat
1903 911 2103 944 Nicolinum

257 964 300 996 de
325 964 406 997 Sala
429 965 539 998 civem
562 964 818 997 bononiensem.

748 1071 1021 1104 INFRASCRIPTA
1046 1080 1133 1104 FUIT
1155 1080 1381 1104 DESTRUCTIO
1404 1070 1607 1104 BONONIAE.
2130 1069 2168 1103 15

341 1160 471 1192 Eodem
494 1169 597 1200 anno,
621 1160 678 1193 die
701 1160 789 1204 jovis
811 1169 862 1192 xx
885 1159 1010 1192 mensis
1033 1160 1157 1199 martii,
1174 1160 1286 1192 noctis
1302 1166 1465 1202 tempore.
1483 1179 1524 1183 —
1541 1160 1693 1203 Populus
1709 1160 1938 1200 bononiensis,
1954 1165 2104 1194 tractatu

253 1219 288 1245 et
310 1214 506 1255 proditione
529 1213 817 1252 Florenfinomm,
842 1213 901 1256 qui
923 1213 1154 1255 provisionem
1179 1212 1309 1245 dabant
1332 1218 1367 1245 et
1391 1214 1473 1246 dare
1496 1218 1663 1256 perpetuo
1679 1213 1910 1256 promiserunt
1932 1213 2103 1257 aliquibus

252 1265 470 1309 magnatibus
493 1265 636 1305 civibus,
660 1271 772 1298 motus
795 1267 868 1308 ipse
891 1266 1038 1308 populus
1061 1265 1105 1298 ab
1128 1266 1211 1308 ipsis
1234 1267 1486 1308 provisionatis,
1510 1271 1688 1298 traxerunt
1711 1267 1757 1299 ad
1780 1277 1875 1298 arma
1897 1272 1932 1299 et
1954 1267 2104 1299 intrave-

253 1324 334 1351 runt
356 1329 420 1361 per
441 1325 575 1361 portam
606 1319 798 1352 Citadellae
821 1329 938 1351 versus
962 1319 1089 1351 Forum
1114 1320 1157 1351 de
1182 1318 1314 1358 Medio,
1339 1330 1441 1362 quam
1471 1325 1606 1362 portam
1630 1320 1810 1363 fregerunt
1832 1325 1867 1352 et
1889 1320 2104 1352 intraverunt

253 1372 402 1414 plateam
419 1372 588 1404 cridando
603 1372 674 1404 alta
689 1382 784 1404 voce:
799 1390 841 1395 —
853 1371 1002 1404 Povolol
1019 1372 1151 1404 Povolo
1163 1372 1171 1403 l
1185 1390 1226 1396 —-
1243 1372 1338 1404 Inter
1354 1382 1439 1415 quos
1455 1373 1595 1405 fuerunt
1611 1372 1780 1416 Ugolinus
1797 1372 1852 1405 de'
1871 1372 2013 1412 Panico,
2029 1373 2118 1405 filius
2141 1374 2184 1404 20

252 1424 334 1456 olim
358 1425 492 1457 comitis
514 1424 737 1468 Maghinardi
762 1425 913 1457 Grandis
938 1425 981 1457 de
1004 1424 1146 1463 Panico,
1172 1435 1250 1456 cum
1274 1435 1401 1469 magna
1423 1425 1644 1457 multitudine
1666 1426 1970 1465 montanariorum‚
1995 1426 2104 1458 domi-

252 1488 317 1510 nus
338 1476 534 1509 Ubaldinus
557 1478 601 1510 de
622 1477 832 1516 Malavolfis,
855 1477 1026 1521 Ugolinus
1049 1478 1093 1510 de
1116 1478 1317 1521 Balduynis‚
1342 1478 1501 1511 dominus
1523 1478 1723 1511 Richardus
1746 1479 1790 1511 de
1807 1478 1970 1518 Salicem,
1994 1479 2104 1511 domi—

252 1539 315 1562 nus
338 1530 513 1562 Robertus
537 1531 580 1562 de
605 1530 756 1562 Saliceto
779 1530 853 1574 ejus
876 1531 975 1569 filius,
999 1531 1169 1563 Tuniolus
1194 1531 1237 1563 de
1268 1531 1428 1570 Torellis‚
1454 1531 1641 1564 Ghinolfus
1671 1531 1715 1564 de
1735 1531 1899 1570 ‘Dalfinis·,
1924 1531 2105 1564 Petrucius

253 1583 297 1614 de
319 1583 485 1615 Blanchis
507 1588 542 1615 et
564 1583 623 1615 alii
648 1583 691 1615 de
713 1583 888 1622 Blanchis‚
913 1593 1030 1616 omnes
1054 1584 1098 1616 de
1120 1584 1353 1628 Bentevoglis,
1377 1584 1547 1628 Ugolinus
1572 1585 1615 1616 de
1637 1585 1891 1624 Bocadeferris,
1914 1584 2048 1627 Lippus
2069 1590 2105 1616 et

252 1635 450 1679 Gualengus
473 1636 517 1668 de
540 1636 743 1675 Ghisileriis,
767 1636 874 1669 Pinus
898 1637 941 1669 de
965 1636 1162 1676 Gozadinis,
1195 1636 1354 1669 dominus
1377 1637 1547 1681 Ugolinus
1579 1638 1623 1669 de
1656 1638 1819 1677 Galuciis,
1852 1638 2011 1670 dominus
2032 1637 2103 1670 Ta·
2126 1637 2167 1669 25

252 1688 358 1721 daeus
380 1688 423 1720 de
445 1687 648 1732 Acogufflis,
672 1689 848 1722 Mamilius
872 1690 915 1722 de
938 1689 1104 1733 Liacaris,
1121 1690 1172 1722 illi
1197 1691 1240 1722 de
1263 1690 1384 1728 Pretis,
1400 1689 1565 1722 Albertus
1589 1691 1632 1722 de
1656 1690 1832 1723 Guidottis
1855 1696 1889 1722 et
1912 1691 2010 1723 multi
2033 1690 2103 1723 alii.

251 1741 353 1773 Tunc
385 1742 542 1774 dominus
572 1741 758 1774 cardinalis
782 1752 818 1775 se
841 1742 1055 1775 chamufavit
1077 1743 1114 1774 in
1137 1742 1257 1775 habitu
1287 1744 1434 1775 fratrum
1465 1743 1694 1775 Eremitarum
1717 1748 1752 1775 et
1782 1743 1845 1775 ivit
1868 1744 1915 1776 ad
1938 1743 2103 1776 Sanctum

250 1794 419 1837 Jacobum
441 1794 477 1826 in
501 1800 609 1827 strata
631 1795 742 1827 sancti
764 1795 911 1833 Donati3
935 1801 971 1827 et
993 1805 1111 1828 omnes
1134 1796 1187 1827 sui
1211 1795 1373 1828 officiales
1395 1801 1430 1828 et
1460 1797 1639 1828 cortexani
1669 1797 1834 1840 fugerunt
1856 1796 1924 1828 huc
1947 1801 1983 1829 et
2008 1796 2103 1829 illuc.

254 1846 300 1879 Et
323 1847 480 1879 dominus
503 1847 675 1880 Henricus
698 1847 742 1880 de
766 1847 876 1886 sesso,
901 1848 1083 1891 episcopus
1106 1848 1290 1887 Cumanus,
1315 1854 1437 1891 captus
1460 1845 1527 1881 fuit
1550 1854 1585 1881 et
1609 1849 1734 1882 ductus
1759 1849 1795 1881 in
1828 1849 1930 1881 domo
1960 1848 2104 1893 Ugolini

252 1899 296 1932 de
318 1899 526 1943 Balduynis;
543 1906 578 1932 et
593 1906 745 1942 potestas
759 1900 937 1933 Bononiae
961 1901 1028 1933 fuit
1051 1902 1178 1933 acriter
1200 1902 1398 1934 vulneratus
1413 1912 1476 1943 per
1498 1901 1690 1934 Pancinum
1715 1903 1762 1934 de
1779 1901 1885 1934 Auro.
1932 1902 1977 1934 Et
1993 1912 2104 1945 popu-
2126 1903 2170 1934 30

250 1952 303 1984 lus
325 1953 389 1985 ivit
412 1952 524 1985 subito
547 1954 594 1985 ad
617 1959 766 1986 castrum
783 1953 904 1986 Sancti
928 1954 1055 1986 Felicis
1077 1959 1111 1986 et
1135 1954 1328 1987 habuerunt
1351 1955 1438 1987 illud
1460 1960 1496 1986 et
1518 1955 1610 1986 intus
1632 1961 1819 1997 posuerunt
1842 1955 1889 1987 ad
1912 1955 2103 1988 custodiam

250 2004 356 2047 ipsius
378 2006 484 2038 castri
507 2006 731 2039 Franciscum
755 2007 799 2039 de
821 2007 996 2046 Belvixiis‚
1019 2012 1179 2049 nepotem
1202 2007 1347 2051 Ugolini
1371 2008 1415 2040 de
1437 2007 1638 2051 Balduynis,
1662 2013 1697 2040 et
1719 2008 1900 2040 Tarlatum
1925 2009 1968 2041 de
1993 2008 2103 2040 Beca-

252 2058 366 2096 dellis3
391 2064 425 2091 et
447 2058 589 2091 fuerunt
611 2058 724 2092 robati
746 2059 962 2102 stipendiarii
985 2070 1048 2102 per
1069 2060 1247 2102 populum.
1294 2060 1339 2092 Et
1364 2060 1460 2093 dicta
1492 2061 1548 2092 die
1579 2061 1721 2093 fuerunt
1751 2061 1838 2093 facti
1865 2061 2014 2094 sedecim
2041 2071 2103 2094 an-

249 2111 346 2150 tiani,
370 2111 430 2154 qui
452 2111 617 2144 deberent
639 2112 833 2156 gubernare
857 2113 1049 2151 civitatem;
1066 2114 1157 2146 inter
1180 2124 1267 2156 quos
1290 2113 1475 2146 nominabo
1498 2114 1586 2151 illos,
1609 2114 1654 2146 de
1677 2113 1800 2157 quibus
1815 2114 1990 2154 recordor,
2005 2114 2103 2148 vide-

250 2163 348 2196 licet:
374 2164 532 2197 dominus
554 2164 727 2198 Antonius
750 2166 794 2198 de
818 2166 983 2205 Galuciis,
1001 2167 1159 2199 dominus
1181 2167 1381 2199 Richardus
1406 2167 1449 2199 de
1474 2167 1637 2206 Salicem,
1655 2167 1815 2200 dominus
1838 2167 2044 2200 Franciscus
2060 2167 2104 2200 de
2126 2166 2168 2200 35

249 2216 524 2256 Guastavillanis‚
547 2217 692 2250 Munsus
715 2219 759 2250 de
783 2212 977 2257 Sabadinis,
1001 2220 1210 2252 Franciscus
1225 2220 1390 2252 Becarius
1408 2220 1451 2252 de
1466 2220 1698 2264 Bentevoglis‚
1714 2220 1867 2253 Michael
1885 2221 1928 2253 de
1946 2220 2101 2260 Selassis,

249 2268 487 2302 Ambrosinus'
510 2270 674 2304 Becarius
703 2277 738 2303 et
766 2271 877 2304 Dinus
898 2271 1058 2316 Laygoni
1081 2273 1271 2305 Hostexani
1295 2274 1449 2306 notarius
1479 2279 1514 2306 et
1544 2271 1723 2306 Minottus=
1745 2273 1919 2318 Angelelli
1950 2274 2103 2307 notarius

250 2328 285 2354 et
307 2332 362 2354 ser
382 2322 505 2355 Petrus
527 2323 571 2355 de
593 2323 797 2368 Matuglano
820 2330 993 2357 mercator
1015 2326 1107 2357 sirici
1135 2331 1169 2358 et
1191 2325 1270 2358 alii.'
1305 2326 1350 2359 Et
1373 2327 1506 2359 factum
1530 2327 1598 2359 fuit
1621 2327 1803 2359 consilium
1819 2327 1950 2370 populi,
1972 2326 2009 2358 in
2033 2337 2102 2370 quo

250 2375 378 2408 eisdem
401 2375 551 2408 antianis
574 2377 692 2409 datum
715 2377 782 2409 fuit
803 2377 944 2420 plenum
967 2378 1148 2411 arbitrium
1172 2379 1321 2412 fatiendi
1352 2380 1478 2419 omnia,
1503 2390 1591 2423 quae
1621 2380 1780 2412 viderent
1810 2380 1883 2412 e'sse
1913 2379 2011 2412 utilia
2037 2390 2100 2423 pro

250 2427 342 2460 bono
364 2433 454 2461 statu
477 2429 636 2471 populari
661 2430 811 2462 civitatis
832 2430 1010 2463 Bononiae
1031 2441 1096 2474 per
1125 2437 1234 2464 totum
1265 2442 1415 2464 mensem
1449 2433 1577 2475 aprilis.
1623 2433 1670 2465 Et
1699 2432 1812 2466 subito
1843 2443 1906 2475 per
1935 2433 2100 2476 populum
2123 2434 2167 2465 40

251 2480 390 2513 fuerunt
413 2481 554 2514 lacerati
577 2492 694 2515 omnes
710 2482 791 2515 libri
806 2483 1025 2516 bannitorum
1041 2489 1077 2517 et
1092 2485 1191 2517 multi
1206 2484 1339 2517 banniti
1357 2485 1534 2518 redierunt
1549 2486 1752 2518 Bononiam.
1787 2486 1833 2518 Et
1848 2486 1943 2518 missi
1958 2486 2100 2519 fuerunt

253 2532 502 2566 ambaxiatores
518 2534 729 2568 Florentiam
744 2546 809 2578 pro
824 2536 989 2576 subsidio,
1007 2538 1102 2580 quod
1124 2538 1192 2580 ipsi
1214 2538 1381 2571 miserunt
1403 2549 1467 2581 pro
1491 2539 1648 2571 custodia
1673 2539 1823 2571 civitatis
1845 2538 2025 2571 Bononiae
2032 2550 2042 2577 ;
2065 2544 2101 2571 et

251 2586 347 2618 facta
359 2586 425 2619 fuit
441 2587 511 2630 liga
526 2597 590 2630 per
599 2588 834 2621 Bononienses
846 2599 924 2622 cum
941 2599 1087 2623 comune
1103 2591 1302 2624 Florentiae
1317 2597 1352 2624 et
1368 2602 1446 2624 cum
1464 2592 1604 2625 domino
1616 2592 1819 2626 Bernabove
1832 2593 1876 2625 de
1886 2591 2097 2624 Mediolano.

340 2691 405 2723 Die
427 2702 509 2724 vero
532 2702 596 2735 xxj
620 2694 707 2727 dicti
729 2695 864 2728 mensis.
889 2714 932 2719 —
956 2696 1050 2730 Gens
1072 2697 1241 2741 armigera
1256 2697 1481 2742 anglicorum,
1498 2699 1558 2742 qui
1573 2704 1673 2732 erant
1688 2700 1783 2732 circa
1796 2703 1947 2732 castrum
1964 2699 2099 2732 Gama-

252 2743 328 2783 roli,
343 2744 521 2778 audientes
543 2747 638 2790 quod
654 2748 778 2781 civitas
792 2748 969 2782 Bononiae
984 2755 1058 2783 erat
1075 2749 1242 2784 rebellata
1258 2757 1379 2784 contra
1394 2752 1599 2792 Ecclesiam,
1616 2753 1830 2786 intraverunt
1846 2753 2047 2786 Faventiam
2062 2758 2097 2786 et
2120 2751 2162 2786 45

341 2879 371 2906 15
391 2874 478 2907 Segno
496 2875 669 2902 d'attenzn'one
686 2878 713 2903 in
731 2880 852 2912 margine
871 2894 904 2899 —
924 2886 958 2905 20
975 2879 1101 2915 fuerunt]
1119 2890 1197 2915 segue
1215 2882 1347 2909 dominus
1364 2884 1509 2910 cancellato
1529 2898 1561 2903 —
1581 2884 1616 2918 38
1634 2883 1747 2917 Petrus]
1765 2886 1857 2911 scritto
1874 2894 1903 2911 su
1923 2886 2088 2912 raschiatura
