2196 3424
850 214 1218 251 INTRODUZION
1221 215 1255 251 E
1888 218 1979 255 LXI

131 348 147 368 “
165 348 373 393 Bononiae,
403 353 479 384 tarn
498 347 711 384 volentibus
729 359 839 396 quam
857 348 1070 385 vetantibus
1088 345 1134 395 „¹.
1164 348 1283 385 Come
1304 361 1429 397 ognun
1446 348 1558 397 vede,
1578 350 1639 399 qui
1668 350 1693 386 il
1717 351 1874 388 Griffoni
1902 364 1977 388 non

125 417 207 448 tace
226 409 336 447 nulla.
364 409 567 457 Applaude
597 410 670 446 alla
698 410 805 447 salita
832 410 870 446 di
898 409 1056 460 Taddeo
1083 408 1264 459 Pepoli⁹;
1283 412 1309 447 il
1328 411 1491 460 giudizio
1510 412 1578 449 che
1598 414 1627 450 si
1646 413 1828 462 aggiunge
1849 413 1887 450 di
1915 415 1976 461 lui,

124 474 186 510 dei
204 473 285 510 suoi
304 473 381 518 atti,
399 471 496 508 della
511 484 575 508 sua
594 473 766 520 signoria,
788 484 865 509 non
883 473 1066 521 potrebbe
1087 485 1207 510 essere
1226 474 1289 521 piu
1308 474 1548 522 lusinghiero:
1573 471 1590 494 ‘⁴
1607 476 1657 512 Et
1675 488 1763 512 vere
1783 477 1861 524 ipse
1880 478 1976 514 bene

131 537 146 555 “
164 536 384 580 merebatur,
415 534 513 583 quia,
543 533 666 570 donec
692 535 771 583 ipse
800 536 905 581 vixit,
933 536 1012 583 ipse
1031 537 1150 572 tenuit
1166 536 1376 572 Bononiam
1404 549 1551 585 semper
1577 538 1614 573 in
1640 550 1733 586 pace
1754 544 1791 574 et
1809 540 1977 576 ubertate

125 659 185 696 dal
217 659 376 696 Griffoni
403 659 471 695 che
499 659 700 706 trionfava3
728 659 914 695 nell’anno
942 665 1060 696 stesso
1093 658 1189 700 1337
1219 661 1353 697 Nanne
1376 661 1511 698 Guelfo
1541 662 1697 698 Griffoni
1717 675 1780 699 era
1798 663 1976 701 mandato

123 723 161 758 in
187 722 339 759 solenne
366 721 594 757 ambasciata
623 733 644 757 a
670 722 840 758 Venezia
859 734 930 758 con
950 722 1136 758 Giovanni
1165 722 1360 759 d'Andrea
1387 736 1408 760 e
1438 725 1574 760 Ferino
1604 723 1808 761 Ganuzzi⁴.
1865 726 1970 763 Giac-

125 785 192 821 che
220 785 233 820 i
261 784 422 820 Griffoni
450 784 505 820 sin
533 783 690 820 d'allora
718 785 932 832 seguivano‚
971 796 1080 821 come
1118 797 1285 833 seguono
1321 786 1384 833 piu
1421 787 1528 833 tardi,
1566 787 1602 824 13
1634 793 1741 835 parte
1769 789 1977 825 scacchese.

123 847 199 884 Nel
232 846 343 892 1334,
373 846 530 883 essendo
558 852 682 883 morto
709 846 860 895 Andalo
890 847 1060 892 Griffoni,
1096 848 1110 866 “
1129 848 1246 884 homo
1274 848 1385 885 valde
1414 849 1560 897 sapiens
1588 855 1626 886 et
1652 850 1763 886 valde
1783 852 1920 898 probus
1939 858 1977 888 et

20 913 35 944 t
58 913 98 957 10
131 910 146 929 ‘⁴
166 909 292 946 valens
319 909 356 944 in
383 909 491 945 factis
518 920 708 945 armorum
727 936 767 956 „,
796 909 822 945 il
851 910 1013 946 cronista
1043 909 1126 946 dice
1164 910 1233 946 che
1269 912 1306 947 fu
1344 904 1559 959 compianto
1588 911 1636 948 da
1663 918 1758 949 tutta
1792 913 1974 962 Bologna‚

27 967 28 970 ¹
124 971 390 1020 specialmente
418 970 462 1007 de
482 973 596 1017 parte
622 972 813 1008 scachensi
824 968 851 1007 ⁵.

228 1033 393 1075 Quando
421 1033 582 1070 Taddeo
609 1033 744 1081 Pepoli
771 1045 916 1081 muore,
944 1033 1006 1070 nel
1041 1032 1151 1080 1347,
1181 1034 1206 1070 il
1236 1035 1395 1071 Griffoni
1413 1041 1502 1072 nota
1521 1036 1589 1072 che
1608 1036 1647 1073 fu
1674 1036 1711 1072 di
1729 1042 1850 1074 morte
1870 1043 1976 1075 natu-

122 1160 191 1197 che
219 1172 294 1195 non
322 1161 343 1195 ὲ
370 1160 435 1208 poi
461 1159 624 1207 ripetuta
653 1172 721 1207 per
748 1159 856 1195 alcun
883 1158 980 1196 altro
1017 1159 1054 1194 in
1090 1165 1184 1196 tutto
1221 1160 1246 1195 il
1282 1160 1516 1197 Memoriale.
1572 1160 1681 1198 Vede
1719 1174 1791 1198 con
1826 1163 1974 1211 piacere

27 1243 30 1244 ν
61 1223 98 1260 15
127 1222 233 1259 salire
261 1222 434 1259 al‘trono
461 1223 474 1258 i
503 1221 575 1258 due
604 1221 681 1270 figli
711 1222 897 1257 Giacomo
926 1234 946 1257 e
976 1222 1183 1259 Giovanni:
1214 1234 1235 1258 e
1272 1223 1422 1271 quando
1458 1223 1516 1258 nel
1557 1223 1655 1260 1350
1693 1225 1764 1260 essi
1800 1224 1976 1271 vendono

121 1285 429 1334 vigliaccamente
450 1284 494 1322 la
522 1285 612 1321 citta
641 1284 674 1320 al
703 1284 859 1332 Signore
889 1284 926 1320 di
953 1283 1108 1331 Milano,
1128 1284 1200 1332 egli
1218 1296 1293 1320 non
1311 1286 1341 1321 si
1368 1285 1506 1333 scaglia
1525 1291 1657 1322 contro
1685 1286 1723 1322 di
1749 1287 1843 1332 loro,
1865 1300 1974 1324 come

122 1348 234 1385 fanno
260 1348 311 1396 gli
339 1347 424 1384 altri
452 1348 604 1384 cronisti
632 1347 838 1395 bolognesi,
867 1359 928 1383 ma
956 1359 1066 1383 cerea
1093 1348 1175 1383 anzi
1202 1347 1366 1392 scusarli‚
1397 1347 1559 1384 dicendo
1588 1348 1656 1384 che
1684 1361 1757 1384 non
1788 1356 1974 1397 potevano

122 1411 196 1458 piis,
226 1409 273 1446 da
300 1409 383 1456 soli,
411 1415 598 1446 sostenere
627 1409 662 1446 la
688 1421 821 1457 guerra
834 1405 860 1447 ⁷.

23 1516 25 1518 q
228 1473 319 1509 Non
346 1471 442 1508 vede
470 1472 508 1508 di
536 1473 635 1508 buon
662 1472 796 1508 occhio
827 1471 1013 1507 Giovanni
1041 1471 1225 1517 Visconti‚
1254 1471 1470 1519 ghibellino,
1500 1472 1538 1508 di
1565 1474 1704 1521 partito
1725 1475 1913 1510 contrario
1941 1476 1976 1512 al

20 1530 26 1573 ¹
54 1538 97 1571 20
125 1546 214 1583 suo3
242 1547 303 1571 ma
330 1536 368 1571 in
396 1535 533 1583 special
561 1534 676 1570 modo
705 1534 786 1570 l’ha
813 1545 887 1570 con
915 1533 1112 1582 l’Oleggio
1141 1534 1209 1569 che
1236 1546 1452 1582 governava
1480 1535 1540 1571 col
1568 1535 1750 1583 consiglio
1787 1548 1808 1572 e
1843 1537 1974 1574 favore

10 1584 11 1590 ¹
122 1597 217 1634 della
244 1602 351 1646 parte
378 1593 649 1634 maltraversa⁸
677 1608 696 1632 e
727 1596 807 1642 che,
836 1597 986 1644 ispirato
1014 1596 1062 1632 da
1090 1601 1219 1644 questa
1239 1608 1259 1632 e
1279 1596 1378 1632 dallo
1406 1598 1533 1645 spirito
1562 1597 1763 1645 diabolico,
1792 1599 1886 1635 tradi
1915 1599 1975 1636 nel

128 1660 224 1697 1355
254 1660 279 1696 11
307 1660 463 1706 Signore
492 1659 530 1696 di
557 1659 728 1707 Bologna
755 1659 904 1696 Matteo
931 1659 1103 1696 Visconti
1123 1671 1143 1695 e
1163 1660 1193 1695 si
1211 1659 1293 1695 fece
1312 1659 1476 1707 padrone
1496 1660 1593 1697 della
1612 1661 1701 1698 citta
1714 1658 1739 1699 ⁹.
1794 1661 1886 1698 Non
1914 1662 1975 1699 c'e

123 1735 257 1760 accusa
286 1723 353 1759 che
374 1723 448 1772 egli
466 1735 540 1759 non
568 1723 684 1759 faccia
712 1722 954 1771 all’Oleggio,
983 1722 1128 1769 dipinto
1157 1734 1230 1758 eon
1257 1723 1477 1759 foschissimi
1504 1723 1635 1764 colori.
1689 1724 1723 1760 E
1750 1736 1822 1760 non
1852 1737 1973 1763 aveva

23 1823 25 1826 Α
121 1786 207 1822 tutti
225 1786 237 1821 i
257 1786 367 1831 torti3
386 1785 423 1821 la
441 1797 506 1821 sua
526 1784 699 1832 famiglia‚
719 1785 856 1832 perche
875 1784 913 1820 di
931 1789 1035 1832 parte
1054 1784 1263 1830 scacchese,
1285 1785 1380 1821 ebbe
1400 1786 1492 1822 assai
1512 1797 1533 1821 a
1552 1786 1692 1822 soffrire
1721 1785 1780 1821 dal
1807 1798 1976 1834 governo

20 1846 28 1898 ’γ
53 1850 95 1886 25
125 1847 402 1896 dell'Oleggio:
430 1847 567 1884 Nanne
597 1847 747 1894 Guelfo,
782 1845 877 1896 “qui
904 1852 984 1883 erat
1012 1847 1104 1883 civis
1131 1846 1360 1883 honorabilis
1388 1853 1425 1884 et
1452 1847 1561 1884 valde
1589 1848 1694 1884 dives
1712 1875 1751 1895 „,
1781 1849 1820 1885 fu
1851 1861 1974 1886 messo

121 1911 159 1946 in
185 1911 354 1959 prigione
380 1910 536 1946 insieme
564 1909 613 1947 ad
641 1910 722 1947 altri
751 1915 1023 1958 quattrocento,
1053 1909 1214 1946 accusati
1242 1909 1280 1945 di
1308 1921 1429 1946 essere
1459 1911 1569 1946 amici
1597 1910 1660 1946 dei
1686 1911 1816 1958 Pepoli
1837 1923 1857 1946 e
1878 1912 1974 1947 ostili

122 1974 158 2011 ai
184 1972 430 2019 Maltraversi,
460 1984 481 2008 e
509 1984 584 2008 non
613 1974 703 2020 pote
731 1984 831 2009 esser
856 1972 1014 2009 liberato
1043 1985 1081 2010 se
1110 1984 1185 2007 non
1213 1972 1361 2021 quando
1398 1973 1494 2009 ebbe
1531 1978 1745 2010 contentata
1782 1973 1818 2010 la
1851 1973 1889 2010 di
1924 1974 1975 2010 lui

119 2035 327 2084 ingordigia
355 2047 428 2072 con
455 2035 558 2072 3000
586 2035 655 2071 lire
683 2035 721 2071 di
748 2034 940 2083 bolognini
956 2032 994 2072 ²⁰.

224 2097 292 2135 Ma
320 2097 355 2134 al
381 2098 645 2145 sopravvenire
673 2097 773 2133 delle
801 2097 892 2133 armi
921 2096 1216 2142 dell'Albornoz,
1246 2096 1269 2132 l’
1283 2096 1458 2144 Oleggio,
1487 2097 1512 2132 il
1535 2097 1682 2147 perfido
1710 2098 1873 2145 tiranno,
1903 2099 1972 2135 che

26 2188 28 2191 ,
52 2160 95 2194 30
121 2173 212 2208 pure
241 2172 361 2197 aveva
388 2160 470 2197 fatti
497 2160 666 2196 immensi
693 2159 929 2207 preparativi,
957 2171 1033 2195 non
1060 2162 1136 2207 puo
1164 2160 1227 2207 pin
1255 2160 1426 2196 resistere
1445 2159 1516 2195 alla
1533 2171 1677 2207 guerra,
1707 2160 1973 2207 specialmente

22 2212 23 2215 ¹
120 2223 257 2272 perche
285 2223 370 2259 tutti
397 2223 410 2258 i
437 2222 615 2268 cittadini‚
644 2223 681 2257 in
707 2222 931 2269 particolare
959 2222 972 2257 i
998 2222 1112 2269 guelfi
1148 2222 1216 2257 che
1254 2222 1504 2258 costituivano
1539 2221 1575 2258 13
1611 2222 1780 2270 maggior
1815 2229 1919 2270 parte
1934 2220 1972 2269 11,

120 2297 233 2322 erano
266 2286 281 2304 “
300 2284 400 2322 avidi
417 2314 434 2334 „
459 2284 519 2321 del
545 2296 716 2332 governo
735 2284 830 2320 della
850 2281 1028 2320 Chiesass.
1084 2284 1113 2319 Il
1141 2284 1279 2331 partito
1300 2284 1361 2320 dei
1387 2284 1533 2332 Pepoli,
1553 2284 1605 2332 gli
1626 2284 1831 2332 Scacchesi,
1851 2286 1974 2322 hanno

121 2347 268 2398 dunque
289 2348 416 2394 vint03
436 2352 539 2383 entra
557 2347 693 2383 Blasco
713 2347 750 2382 in
769 2347 872 2393 citta,
894 2348 913 2382 ὲ
933 2347 1136 2394 alloggiato
1154 2347 1216 2383 nel
1235 2346 1392 2394 palazzo
1421 2346 1458 2382 di
1487 2347 1674 2383 Giovanni
1694 2346 1826 2395 Pepoli
1855 2348 1893 2383 in
1913 2348 1974 2384 via

121 2410 366 2458 Castiglione3
393 2409 558 2446 secondo
577 2409 602 2444 il
620 2415 760 2454 nostro,
781 2410 866 2445 tutti
885 2421 976 2445 sono
1005 2410 1246 2445 stracontenti
1261 2405 1298 2444 ¹³.
1344 2409 1411 2445 Ma
1437 2410 1476 2445 in
1503 2421 1635 2445 mezzo
1664 2421 1686 2445 a
1715 2415 1843 2458 queste
1870 2410 1971 2457 gioie

22 2461 25 2487 1
51 2473 93 2511 35
122 2473 242 2509 arriva
269 2472 304 2509 la
329 2472 470 2509 notizia
495 2461 610 2508 ferale
631 2471 698 2507 che
725 2470 923 2519 l'Oleggio
941 2471 1030 2507 vuol
1051 2471 1187 2507 disdire
1216 2471 1227 2506 i
1255 2472 1368 2519 patti;
1398 2483 1511 2507 nasce
1530 2484 1580 2508 un
1598 2471 1738 2519 grande
1758 2472 1972 2520 parapiglia‚

23 2523 24 2526 ¹
119 2535 334 2571 finalmente
361 2535 396 2571 la
424 2535 558 2571 Chiesa
586 2535 707 2580 vince,
726 2546 748 2569 e
776 2533 801 2569 il
829 2535 976 2570 tiranno
997 2535 1017 2570 e
1044 2539 1222 2571 costretto
1241 2546 1263 2570 a
1280 2534 1429 2582 fuggirsi
1449 2539 1684 2582 nottetempo
1704 2534 1802 2571 dalla
1831 2535 1918 2571 citta
1933 2531 1970 2570 ²⁴.

207 2653 217 2670 ¹
235 2654 317 2680 Mem.
337 2654 407 2685 bist„
427 2652 470 2686 43,
491 2659 566 2680 39-42.
1160 2651 1172 2670 ⁷
1190 2654 1274 2679 Mem.
1293 2653 1362 2683 hist„
1381 2650 1425 2684 57,
1448 2656 1480 2679 17.

207 2696 220 2714 ²
237 2698 320 2723 Mem.
339 2699 410 2729 bist„
423 2696 468 2731 52,
481 2703 546 2725 9-112
566 2697 581 2712 ⁸
591 2699 627 2724 Et
639 2698 684 2724 dle
702 2699 830 2732 sequenti
843 2698 949 2724 factum
962 2698 1018 2723 fult
1159 2693 1171 2711 ⁸
1189 2696 1272 2720 Mem.
1292 2696 1361 2727 hist„
1381 2693 1425 2726 59,
1445 2700 1520 2721 34-35.

120 2741 295 2768 “consulum
314 2743 413 2775 populi
431 2744 461 2768 et
472 2744 503 2768 ln
516 2743 591 2769 dicto
604 2743 724 2769 oonsilio
738 2744 800 2777 ipse
818 2743 951 2768 dominus
963 2743 1017 2768 Ta·
1160 2738 1172 2756 ⁹
1190 2741 1272 2765 Mem.
1292 2740 1360 2771 hist„
1379 2738 1424 2771 59,
1444 2743 1520 2766 36-45.
1539 2737 1542 2740 ’

120 2787 226 2813 “dacus
243 2786 300 2812 fult
317 2794 367 2820 per
385 2788 522 2820 populum
541 2788 687 2813 Bononiae
700 2788 861 2813 unanimiter
873 2790 901 2812 et
913 2795 1017 2812 concor·
1152 2783 1175 2801 ¹⁰
1192 2785 1274 2809 Mem.
1294 2785 1362 2815 hist„
1382 2782 1426 2815 59,
1446 2789 1472 2809 48
1483 2782 1547 2815 -60,
1567 2789 1588 2810 4.
1609 2797 1642 2802 -
1662 2784 1696 2809 V.
1715 2782 1764 2816 pin
1777 2791 1818 2815 su,
1844 2792 1872 2817 p.
1890 2785 1940 2811 111.

120 2830 135 2844 ‘¹
145 2831 218 2857 diter
235 2832 417 2858 confirmatus
428 2850 454 2865 η.
1152 2827 1174 2844 11
1194 2828 1208 2841 ‘¹
1219 2829 1307 2854 Erant
1318 2830 1350 2854 ln
1368 2829 1483 2862 decuplo
1502 2836 1585 2861 quam
1597 2829 1650 2854 alii
1661 2848 1675 2863 „
1690 2829 1773 2854 Mem.
1787 2829 1856 2860 laist„
1871 2828 1915 2862 02,
1935 2834 1971 2855 1⁶.

207 2873 220 2891 ³
237 2876 320 2902 Mem.
340 2877 410 2908 hist„
428 2874 473 2908 52,
495 2880 566 2902 11-13.
1152 2871 1173 2889 ¹²
1191 2874 1274 2898 Mem.
1293 2873 1363 2905 hist„
1383 2871 1428 2905 62,
1446 2877 1509 2899 9-19.

206 2915 220 2933 ⁴
236 2918 318 2943 Mem.
337 2918 405 2949 hist„
425 2915 469 2951 52,
488 2923 563 2945 38-43.
1151 2915 1174 2933 ¹³
1193 2917 1275 2943 Mem.
1294 2917 1363 2948 him,
1378 2916 1422 2949 62,
1440 2921 1515 2943 20-31.
1536 2916 1550 2931 “
1562 2918 1647 2945 Clves
1665 2918 1810 2944 Bononiae
1823 2918 1901 2944 valde
1913 2917 1969 2943 lae-

206 2957 218 2975 ⁵
235 2960 317 2985 Mem.
336 2961 403 2992 hist„
423 2958 467 2992 45,
488 2965 559 2988 19-24.
900 2971 914 2981 π
1072 2962 1086 2977 ⁴⁴
1097 2962 1153 2987 tati
1170 2963 1197 2987 et
1213 2962 1309 2996 gavisi
1326 2961 1473 2997 fixerunt-'w

206 2999 218 3018 ⁶
235 3003 317 3028 Mem.
336 3003 405 3035 last„
425 3001 469 3035 56,
490 3008 565 3029 20-23.
1151 3004 1176 3022 ¹⁴
1195 3007 1275 3033 Mem,
1295 3008 1365 3039 bist„
1385 3006 1430 3040 62,
1449 3011 1525 3034 32-35.

30 628 37 633 ,,
78 600 97 634 5
131 599 146 617 ¹⁴
167 603 204 633 et
222 597 290 634 fuit
305 596 434 644 justior
452 596 622 632 dominus
642 598 703 645 qui
722 609 899 646 umquam
917 603 1084 645 repertus
1111 598 1178 634 fuit
1205 599 1242 634 in
1270 599 1410 635 mundo
1428 599 1475 647 „⁸.
1515 600 1589 635 Era
1615 600 1640 635 il
1668 601 1805 647 partito
1832 602 1977 649 seguito
2033 639 2035 641 ,

122 1097 197 1134 rale
227 1109 247 1133 e
276 1097 477 1145 aggiunge:
512 1097 527 1116 “
545 1098 614 1133 fuit
642 1095 690 1132 ad
716 1095 872 1144 gloriam
900 1103 1071 1133 aeternae
1099 1097 1336 1134 beatitudinis
1373 1104 1548 1135 evocatus
1563 1095 1614 1146 „⁰3
1651 1099 1745 1135 frase
1782 1101 1978 1148 magnifica
2036 1137 2039 1139 ,
