2242 3418
95 317 114 332 c.
130 311 172 334 130
187 317 200 330 a

87 1109 106 1123 c.
122 1103 165 1126 13⁶
182 1103 193 1122 b

63 1157 140 1180 Mun.r
156 1156 192 1175 1οὓ

88 2381 107 2396 c.
122 2379 166 2399 137
179 2376 191 2396 l·

283 171 329 205 80
817 165 1101 202 ΜΑΤΤΗΑΕΙ
1128 166 1198 201 DE
1227 165 1349 201 GRIF
1351 166 1382 200 F
1386 165 1573 200 ONIBUS
1840 172 1925 208 [AA.
1946 175 2122 209 1385-1386]

363 301 493 334 Eodem
515 309 617 338 anno,
642 299 698 331 die
721 309 778 340 ιιι]
800 297 937 341 aprelis.
955 317 996 321 —-
1014 297 1173 331 Castrum
1196 297 1397 340 Zagonarae
1421 296 1605 329 comitatus
1628 296 1755 329 Imolae
1778 298 1847 330 fuit
1869 298 2042 332 redditum
2059 300 2121 333 do-

276 354 369 386 mino
392 354 582 386 marchioni
606 352 787 384 Ferrariae
809 357 844 384 et
867 352 962 384 dicta
985 350 1043 383 die
1066 350 1118 383 illi
1142 350 1186 382 de
1209 359 1412 393 compagna.
1425 354 1639 381 recesserunt
1655 350 1699 382 de
1714 349 1899 384 Barbiano.

363 407 491 439 Eodem
515 415 615 438 anno.
634 424 675 428 -
691 405 860 437 Dominus
882 404 1037 437 marchio
1053 401 1235 435 Ferrariae
1258 403 1412 434 construi
1435 402 1523 434 fecit
1545 412 1649 434 unam
1671 403 1827 444 pulcram
1850 404 1990 437 rocham
2013 416 2123 448 prope

274 465 408 502 portam
430 459 557 491 Leonis
580 464 614 490 et
637 458 705 490 fuit
728 458 811 500 quia
833 458 904 489 illis
927 457 1059 495 diebus,
1084 455 1248 488 videlicet
1272 455 1315 487 de
1339 464 1454 486 mense
1477 455 1572 498 maji,
1588 455 1737 497 populus
1752 454 1934 489 Ferrariae
1949 459 2055 490 traxit
2077 459 2123 491 ad

273 523 367 544 arma
389 517 423 543 et
446 511 555 543 voluit
577 511 771 543 interficere
794 510 971 543 dominum
994 509 1164 541 Thomam
1189 509 1232 540 de
1255 508 1422 546 Tortona‚
1451 507 1621 540 vicarium
1645 508 1866 548 marchionis,
1891 511 1951 553 qui
1982 512 2121 556 aufugit
2167 511 2186 544 5

271 565 307 596 in
331 564 461 606 palatio
484 564 694 596 marchionis
717 569 751 596 et
774 563 928 605 oportuit
951 563 1044 606 quod
1067 561 1224 593 marchio
1248 561 1347 593 daret
1369 561 1481 603 ipsum
1505 561 1634 603 populo
1658 561 1703 593 ad
1727 562 1989 602 trucidandum3
2013 569 2047 596 et
2070 565 2120 597 sic

273 619 402 650 factum
426 617 504 649 fuit.
551 616 620 649 Sed
643 622 763 659 postea
778 617 853 659 ipse
868 616 955 648 fecit
977 615 1065 647 mori
1088 615 1216 647 multos
1239 619 1309 646 tam
1326 613 1567 656 suspendendo
1591 624 1693 657 quam
1717 614 1924 657 proiciendo
1946 617 1984 648 in
2006 616 2120 656 Pado3

272 675 305 702 et
327 670 460 708 merito,
485 669 566 712 quia
588 670 676 702 bene
699 675 904 701 meruerunt.

359 723 489 755 Eodem
512 733 614 761 anno,
638 722 696 755 die
711 732 749 763 VJ
764 722 847 765 maji
868 720 961 754 1385.
980 740 1021 744 —
1036 720 1246 765 Magnificus
1262 720 1432 759 dominus,
1449 720 1609 753 dominus
1623 720 1801 753 Bemabos
1823 720 2036 762 Vicecomes,
2060 724 2122 766 do-

270 776 382 807 minus
403 775 606 814 Mediolani,
630 775 698 807 fuit
721 781 843 817 captus
866 785 943 807 cum
959 774 1040 806 filiis
1057 774 1126 805 suis
1142 784 1205 816 per
1219 779 1378 815 nepotem
1395 784 1493 805 suum
1509 773 1686 806 dominum
1708 767 1901 816 Johannem
1925 775 2120 809 Galeatium
2147 778 2187 811 10

270 828 429 860 comitem
453 829 629 861 Virtutum
645 833 679 860 et
702 833 883 870 acceptum
906 827 974 859 fuit
997 827 1063 859 sibi
1089 832 1197 858 totum
1221 826 1423 858 dominium.
1816 823 1818 826 ’

356 881 486 913 Eodem
510 890 611 919 anno,
636 881 692 913 die
722 891 790 922 an
818 881 913 924 maji.
939 898 980 903 —
1004 881 1159 913 Comune
1182 878 1360 911 Bononiae
1383 879 1505 912 habuit
1529 885 1679 912 castrum
1703 878 1868 914 Barbiani
1890 891 1954 924 per
1976 891 2122 916 concor-

270 933 362 966 diam
385 939 419 966 et
443 944 555 966 comes
577 934 702 966 Dosius
724 934 837 976 primo
860 938 1013 965 mortuus
1036 933 1103 965 fuit
1126 942 1205 964 eum
1221 942 1290 964 uno
1306 933 1480 965 veretono.

356 987 484 1019 Eodem
510 996 611 1019 anno.
636 1006 678 1010 —
702 987 860 1020 Castrum
884 986 1083 1019 Medicinae
1099 986 1167 1018 fuit
1191 985 1327 1018 noviter
1350 990 1586 1019 constructum
1608 997 1672 1029 per
1701 996 1847 1019 comune
1877 986 2056 1022 Bononiae
2085 995 2121 1023 et

268 1039 416 1082 Jacobus
439 1040 482 1072 de
505 1039 699 1072 Blanchitis
722 1039 876 1072 notarius
899 1039 968 1071 fuit
991 1044 1172 1081 supe1stes.
1468 1040 1470 1042 ’
2147 1041 2186 1076 15

355 1093 485 1125 Eodem
508 1102 610 1132 anno,
633 1093 690 1125 die
713 1102 776 1133 XVJ
799 1092 1002 1125 novembris.
1028 1110 1069 1115 —
1093 1091 1252 1124 Castrum
1276 1090 1441 1125 Barbiani
1464 1093 1638 1135 perditum
1662 1093 1729 1126 fuit
1752 1104 1816 1136 per
1837 1103 1984 1127 comune
2006 1094 2122 1128 Bono—

267 1145 356 1185 niae,
380 1146 461 1189 quia
484 1156 597 1178 comes
620 1146 825 1189 Raynaldus
855 1146 899 1178 de
929 1144 1104 1178 Barbiano
1127 1145 1272 1177 intravit
1295 1145 1383 1178 illud
1406 1151 1441 1178 et
1463 1145 1645 1179 rebellavit
1667 1147 1803 1180 contra'
1826 1146 2019 1181 Bononiam
2042 1159 2121 1182 cum

270 1199 466 1241 proditione
488 1205 523 1231 et
545 1204 696 1231 tractatu
720 1199 981 1243 terrigenarum.

355 1252 486 1285 Eodem
509 1261 611 1291 anno,
635 1252 680 1284 de
701 1261 818 1284 mense
841 1251 1045 1285 decembris.
1070 1271 1112 1275 —-
1135 1252 1305 1284 Dominus
1330 1251 1542 1296 Synibaldus
1566 1253 1609 1285 de
1633 1253 1823 1293 Ordelaffis,
1847 1254 2007 1287 dominus
2034 1254 2122 1288 For-

270 1305 358 1344 livii,
381 1310 502 1348 captus
524 1305 594 1338 fuit
615 1316 636 1337 a
658 1304 748 1337 Pino
771 1310 806 1337 et
829 1304 968 1338 Ceccho
984 1305 1028 1337 de
1044 1305 1234 1344 Ordelaffis,
1251 1305 1322 1338 suis
1337 1305 1523 1348 nepotibus
1529 1318 1539 1344 3
1556 1310 1591 1338 et
1606 1312 1817 1349 acceperunt
1832 1307 1900 1340 sibi
1916 1308 2118 1342 dominium.
2142 1311 2186 1342 20

356 1357 486 1391 Eodem
508 1368 610 1397 anno,
635 1358 693 1390 die
716 1368 794 1399 xvrj
811 1358 1012 1391 decembris.
1031 1377 1071 1381 —
1087 1358 1258 1391 Dominus
1281 1357 1458 1391 Bernabos
1473 1359 1680 1392 Vicecomes
1696 1359 1740 1392 de
1755 1359 1956 1394 Mediolano
1972 1361 2122 1395 decessit

267 1411 304 1443 in
327 1411 414 1443 turri
437 1411 481 1443 de
503 1411 642 1450 Trecio,
666 1411 725 1444 ubi
748 1417 823 1444 erat
846 1417 1059 1450 carceratus3
1083 1417 1118 1444 et
1134 1412 1266 1444 dictum
1283 1412 1352 1444 fuit
1369 1412 1463 1455 quod
1479 1412 1548 1445 fuit
1564 1412 1745 1445 tossicatus
1751 1425 1761 1451 3
1778 1419 1814 1446 et
1829 1413 1898 1446 fuit
1914 1415 2068 1457 sepultus
2082 1415 2120 1448 in

266 1464 467 1497 Mediolano
491 1465 527 1496 in
550 1464 697 1497 ecclesia
719 1464 832 1496 sancti
855 1464 1023 1507 Johannis
1047 1465 1085 1497 in
1109 1465 1287 1498 Choncha.

355 1517 698 1551 M.CCCLXXXVI.
715 1536 757 1540 ——
773 1517 942 1550 Dominus
957 1518 1099 1550 Marcus
1114 1518 1270 1551 marchio
1294 1517 1492 1561 Malaspina
1515 1518 1584 1551 fuit
1607 1523 1758 1562 potestas
1782 1518 1971 1560 Bononiae,
1995 1520 2121 1554 confir-

251 1576 377 1603 ·matus
400 1570 458 1603 die
480 1580 555 1602 xxv
578 1570 705 1604 martii.
2143 1573 2186 1607 25

353 1624 484 1656 Eodem
507 1633 609 1656 anno.
634 1643 676 1647 —
699 1624 886 1656 Tredecim
910 1624 1098 1664 robatores‚
1124 1624 1184 1668 qui
1208 1635 1244 1657 se
1267 1625 1481 1658 reducebant
1503 1626 1549 1658 ad
1565 1631 1715 1658 castrum
1739 1615 1917 1666 B'arbiani,
1941 1627 2120 1661 inimicum

265 1677 420 1709 comunis
453 1676 641 1716 Bononiae,
672 1678 767 1720 capti
796 1678 913 1710 :fuerut
943 1678 988 1710 ad
1011 1677 1262 1716 Medexanum3
1286 1678 1380 1720 capti
1403 1679 1544 1711 fuerunt
1575 1679 1656 1723 quia
1679 1688 1767 1712 unus
1789 1690 1908 1712 eorum
1931 1681 2038 1713 sotius
2061 1681 2122 1714 de-

265 1730 359 1772 cepit
380 1730 486 1773 ipsos3
510 1736 545 1763 et
568 1731 709 1763 fuerunt
732 1739 849 1763 omnes
872 1731 910 1763 in
933 1731 1020 1763 hora
1042 1732 1162 1763 eadem
1186 1731 1285 1763 simul
1302 1732 1456 1774 suspensi
1479 1732 1515 1764 in
1539 1733 1655 1774 platea
1678 1733 1835 1766 comunis
1851 1732 2038 1767 Bononiae.

350 1783 481 1816 Eodem
504 1793 607 1822 anno,
630 1783 689 1816 die
711 1783 824 1826 primo
845 1784 1009 1828 januarii.
1026 1803 1068 1807 —
1083 1784 1251 1817 Dominus
1268 1784 1416 1817 Sanctus
1432 1785 1475 1817 de
1490 1785 1677 1829 Daynisiis,
1694 1786 1808 1830 legum
1824 1787 1957 1826 doctor,
1973 1787 2121 1820 decessit

265 1841 373 1869 morte
395 1836 543 1869 naturali
565 1836 651 1869 hora
674 1837 832 1879 prandii3
850 1841 884 1869 et
898 1837 990 1869 'tunc
1014 1837 1064 1870 sol
1088 1842 1267 1870 oscuratus
1290 1837 1359 1870 fuit
1382 1838 1444 1870 tali
1467 1838 1582 1877 modo,
1607 1839 1701 1882 quod
1724 1840 1879 1881 oportuit
1901 1840 2012 1872 teneri
2036 1851 2119 1873 can-
2140 1842 2186 1873 :30

264 1889 357 1922 delas
379 1899 542 1922 accensas
563 1890 600 1922 in
622 1889 769 1932 prandio
791 1900 855 1933 per
877 1895 984 1923 totam
999 1889 1193 1923 Bononiam
1200 1902 1209 1928 3
1226 1895 1261 1923 et
1277 1900 1394 1923 omnes
1410 1890 1574 1924 dicebant
1597 1892 1690 1935 quod
1713 1897 1787 1924 erat
1809 1902 1925 1925 amore
1947 1893 2035 1926 dicti
2058 1893 2121 1926 do-

264 1942 349 1974 mini
373 1942 483 1982 Santi,
507 1943 588 1986 quia
610 1942 835 1985 reputabatur
856 1953 926 1975 non
949 1943 1037 1976 bene
1059 1943 1188 1987 legalis.
1570 1987 1571 1990 Ἴ

350 1996 481 2028 Eodem
504 2006 606 2035 anno,
631 1996 687 2029 die
710 2006 789 2037 XVIJ
811 1997 975 2030 februari.
999 2015 1041 2019 —-
1075 1996 1235 2029 Mortuus
1269 1996 1339 2029 fuit
1370 2007 1430 2029 rex
1459 1991 1611 2030 Karolus
1645 1998 1690 2030 de
1723 1998 1816 2031 Pace
1845 1999 1881 2031 in
1912 1999 2069 2043 Ungaria
2098 2010 2120 2032 a

265 2059 389 2092 magno
412 2049 536 2082 comite
543 2061 553 2087 ς
577 2050 637 2092 qui
660 2060 720 2081 rex
742 2050 894 2082 Karolus
917 2051 1050 2082 fecerat
1073 2060 1109 2082 se
1132 2051 1293 2082 coronari
1316 2051 1360 2082 de
1382 2060 1490 2094 regno
1513 2051 1699 2094 Ungariae.

352 2102 482 2134 Eodem
505 2111 607 2141 anno,
631 2102 688 2135 die
703 2112 771 2144 an
785 2103 922 2146 aprelis.
947 2122 989 2126 —
1005 2101 1116 2135 Facta
1139 2103 1206 2136 suit
1222 2104 1410 2136 concordia
1425 2104 1517 2136 inter
1540 2114 1685 2136 comune
1709 2103 1887 2137 Bononiae
1916 2110 1952 2138 et
1974 2105 2052 2138 illos
2074 2106 2119 2138 de
2141 2103 2183 2138 35

265 2153 448 2188 Barbiano.
494 2155 614 2199 Itaque
629 2154 841 2189 Barbianum
857 2156 1019 2188 remansit
1043 2156 1228 2189 comitibus
1245 2167 1323 2188 cum
1346 2157 1463 2200 aliqua
1486 2157 1736 2201 recognitione,
1762 2169 1864 2201 quam
1895 2158 2067 2191 fatiebant
2096 2170 2119 2191 a

265 2208 402 2240 comuni
425 2207 612 2241 Bononiae.
658 2209 703 2241 Et
725 2209 888 2249 hocfuit,
913 2209 996 2252 quia
1019 2219 1134 2242 comes
1157 2209 1282 2242 Lutius
1305 2210 1348 2242 de
1371 2209 1505 2249 Lando,
1530 2210 1590 2253 qui
1614 2216 1688 2243 erat
1711 2211 1756 2243 ad
1773 2211 1980 2253 stipendium
2000 2221 2118 2244 comu-

263 2260 317 2292 nis
339 2259 526 2301 Bononiae,
549 2262 707 2304 prodidit
730 2272 875 2294 comune
896 2262 1077 2295 Bononiae
1099 2268 1134 2295 et
1149 2267 1269 2305 postea
1284 2263 1502 2306 victuperose
1525 2264 1666 2296 recessit
1688 2269 1723 2296 et
1746 2264 1810 2296 ivit
1828 2264 2041 2297 Faventiam.
2071 2264 2118 2297 Et

264 2313 322 2345 die
344 2323 369 2344 x
385 2314 616 2347 dicti'mensis
632 2325 746 2347 comes
768 2315 943 2358 Johannes
965 2315 1010 2348 de
1032 2314 1206 2348 Barbiano
1229 2316 1324 2348 venit
1347 2315 1549 2361 Bononiam.

353 2367 483 2400 Eodem
506 2377 608 2407 anno,
633 2368 690 2400 die
713 2378 806 2410 xan
828 2368 958 2411 aprilis.
984 2387 1026 2391 —
1050 2369 1174 2402 Comes
1195 2367 1381 2402 Albericus
1404 2370 1449 2402 de
1471 2369 1645 2403 Barbiano
1669 2370 1764 2403 venit
1786 2369 1977 2404 Bononiam
1992 2375 2027 2403 et
2049 2371 2117 2403 fuit
2140 2372 2183 2404 40

263 2419 452 2452 honorifice
474 2426 648 2463 receptus3
666 2426 700 2454 et
716 2421 772 2454 die
787 2422 942 2464 sequenti
958 2421 1118 2454 dominus
1140 2420 1400 2455 Bartolomaeus
1417 2422 1460 2455 de
1479 2423 1606 2456 Sancto
1625 2423 1799 2463 Severino,
1817 2423 2018 2467 capitaneus
2032 2433 2117 2468 gen-

263 2472 347 2504 tium
371 2473 524 2505 comunis
547 2472 734 2513 Bononiae,
759 2475 819 2517 qui
842 2479 916 2507 erat
938 2473 1148 2514 Florentiae,
1165 2475 1260 2508 venit
1283 2476 1320 2507 in
1345 2475 1547 2509 Bononiam.
1615 2510 1620 2515 ,

350 2525 481 2558 Eodem
504 2535 607 2565 anno,
632 2526 676 2559 de
699 2537 815 2559 mense
839 2528 975 2570 aprelis.
1000 2547 1042 2550 —
1064 2527 1232 2561 Dominus
1254 2528 1407 2561 Michael
1431 2529 1475 2561 de
1498 2529 1666 2563 Gabretto
1683 2530 1726 2562 de
1741 2529 1912 2563 Vulterris
1934 2529 2004 2562 fuit
2018 2529 2116 2572 capi-

265 2583 384 2610 taneus
405 2579 524 2620 populi
546 2579 733 2612 Bononiae.

350 2631 481 2663 Eodem
503 2641 606 2670 anno,
630 2632 674 2664 de
697 2642 812 2665 mense
836 2634 929 2678 maji,
954 2633 1011 2666 die
1033 2643 1107 2675 XVJ.
1139 2653 1181 2657 —
1213 2633 1363 2668 Ferante
1386 2640 1498 2668 sartor
1521 2635 1564 2668 de
1594 2635 1770 2669 Miralsole
1793 2640 1828 2668 et
1850 2635 2008 2669 dominus
2037 2635 2115 2673 Ma·
2138 2633 2180 2668 45

264 2683 393 2723 thaeus,
417 2684 491 2716 eius
513 2684 614 2724 filius,
639 2685 754 2729 legum
779 2686 913 2726 doctor,
936 2687 1132 2730 Jeronimus
1155 2687 1301 2721 bidellus
1325 2688 1368 2720 de
1394 2688 1572 2721 Miralsole
1595 2694 1630 2721 et
1653 2689 1738 2721 certi
1765 2689 1824 2721 alii
1847 2689 1988 2721 fuerunt
2011 2688 2115 2721 deca-

263 2736 373 2778 pitati‚
397 2737 479 2779 quia
502 2737 552 2769 eis
582 2739 769 2780 ascriptum
792 2739 860 2771 fuit
884 2740 978 2783 quod
1008 2740 1171 2773 volebant
1201 2740 1285 2773 dare
1307 2739 1499 2774 Bononiam
1523 2741 1594 2774 illis
1617 2742 1660 2774 de
1683 2742 1832 2784 Pepolis.
1879 2741 1924 2773 Et
1947 2751 2027 2774 vere
2049 2741 2116 2783 ipsi

263 2797 333 2820 non
355 2789 545 2830 potuissent
567 2790 634 2823 sibi
658 2791 740 2823 dare
763 2801 866 2824 unam
889 2793 1076 2826 muscham.
1123 2793 1169 2826 Et
1191 2799 1275 2827 tunc
1299 2794 1398 2827 multi
1421 2794 1483 2827 alii
1509 2795 1552 2828 de
1575 2801 1674 2838 parte
1697 2794 1876 2828 scachensi
1900 2794 2013 2838 fugati
2037 2794 2114 2826 fue-

352 2919 413 2945 24-2
418 2919 431 2946 5
450 2915 561 2940 Notizia
579 2916 715 2948 aggt'unta
729 2914 779 2948 pi&
798 2917 877 2942 tardi
