2196 3424
0 152 3 172 ἱ

0 173 3 183 ι

0 189 6 269 ἰ
114 178 197 214 [AA.
216 178 404 213 1277-1280]
700 171 1019 209 MEMORIALE
1048 171 1372 210 HISTORICUM
1901 171 1950 209 23

0 286 3 331 ἶ
201 296 336 330 Eodem
360 307 461 329 anno.
487 315 528 319 —
551 296 631 329 Fuit
653 296 804 329 maxima
827 295 997 339 quantitas
1021 296 1243 329 cavalitarum
1277 297 1464 329 volantium
1488 307 1551 339 per
1573 300 1699 335 aerem,
1728 307 1816 339 quae
1844 297 1958 330 omnia

116 348 246 382 cibaria
267 348 550 381 imbrataverunt.

201 400 510 434 MCCLXXVIII.
536 420 576 424 -
601 402 708 435 Venit
731 402 776 434 ad
801 401 975 435 civitatem
1006 402 1183 435 Bononiae
1214 403 1353 445 quidam
1384 403 1494 435 frater
1524 402 1730 435 Laurentius
1758 403 1801 434 de
1825 402 1957 435 Ordine

114 455 259 488 fratrum
294 453 576 487 Praedicatorum
607 465 671 497 pro
702 461 799 497 parte
833 455 962 487 domini
992 465 1103 497 papae
1133 455 1348 487 tractandam
1379 455 1424 488 ad
1455 455 1676 488 concordiam
1705 455 1797 488 inter
1823 460 1957 497 partem

70 506 87 539 5
108 507 371 551 Jeremiensium
395 512 430 539 et
451 513 585 549 partem
608 507 928 540 Lambertaciorum
952 513 987 540 et
1011 507 1123 540 statim
1147 508 1277 540 factum
1300 508 1366 540 fuit
1397 508 1679 550 compromissum
1702 508 1738 540 in
1761 508 1872 550 ipsum
1896 518 1960 549 per

112 560 229 594 ambas
251 565 368 602 partes
391 564 426 592 et
449 559 535 592 facti
566 560 707 593 fuerunt
738 560 807 592 duo
838 560 973 604 syndici
1004 560 1050 593 ad
1070 559 1271 603 ‘parendum
1302 560 1405 593 laudo
1437 560 1552 592 dando
1583 571 1646 602 per
1673 560 1784 603 ipsum
1815 560 1958 592 fratrem

111 612 348 646 Laurentium.

201 666 336 698 Eodem
361 676 462 698 anno.
480 684 522 689 —
538 665 775 699 Bononienses
799 666 970 698 dederunt
994 666 1133 699 domino
1155 677 1266 709 papae
1292 666 1466 699 civitatem
1490 671 1525 698 et
1549 666 1748 699 comitatum
1770 666 1959 704 Bononiae,

0 758 5 767 A
113 718 216 751 salvis
236 717 367 761 juribus
391 729 477 761 quae
501 718 675 751 habebant
698 719 733 750 in
756 719 1000 758 Romandiola,
1017 724 1052 752 et
1075 720 1124 751 sic
1148 719 1318 751 firmatum
1342 719 1418 752 suit.

49 773 88 804 10
198 770 526 804 M.CCLXXVHII.
551 790 593 795 ——-
615 772 785 804 Dominus
806 782 898 814 papa
920 772 1085 805 Nicolaus
1109 773 1214 816 elegit
1238 772 1413 805 dominum
1436 772 1639 806 Bertoldum
1656 773 1699 805 de
1716 772 1860 811 Ursinis,
1884 772 1958 815 ejus

111 824 264 863 fratrem,
282 824 443 858 comitem
459 825 711 858 Romandiolae
729 830 764 857 et
780 825 883 857 etiam
898 825 986 858 fecit
1002 826 1112 868 ipsum
1127 830 1332 868 potestatem
1348 825 1526 858 Bononiae
1551 831 1584 858 et
1601 826 1651 858 sic
1676 826 1895 858 confirmatus
1911 825 1962 858 fui

109 888 172 920 per
194 877 440 910 Bononienses.
487 878 533 910 Et
556 878 592 910 in
614 877 773 910 Bononia
796 883 870 911 erat
893 879 1050 911 dominus
1073 878 1215 912 Stoldus
1237 878 1358 921 Jacob,
1381 889 1461 911 suus
1483 879 1721 911 locumtenens
1744 884 1779 911 et
1802 878 1960 911 vicarius.

197 931 332 963 Eodem
355 941 457 970 anno,
481 931 525 963 de
549 942 665 963 mense
690 930 779 974 maji.
798 949 839 954 —
863 931 989 964 Comes
1012 931 1262 975 Maghinardus
1286 932 1329 964 de
1352 931 1485 964 Panico
1508 937 1662 965 mortuus
1685 932 1761 964 fuit.

0 1023 3 1030 „
198 984 334 1017 Eodem
358 995 459 1017 anno.
484 1002 526 1007 —
550 985 660 1017 Facta
683 984 751 1016 fuit
773 995 842 1026 pax
866 985 957 1017 inter
986 984 1192 1017 Manfredos
1215 985 1259 1017 de
1291 985 1459 1018 Faventia
1490 990 1524 1017 et
1555 983 1762 1018 Acharixios
1792 985 1835 1017 de
1867 984 1962 1017 dicta

0 1059 3 1079 3
48 1035 86 1069 15
110 1042 213 1076 terra,
238 1037 297 1080 qui
321 1037 364 1069 de
387 1037 584 1070 Manfredis
606 1042 704 1070 erant
726 1042 812 1069 tunc
837 1037 972 1079 expulsi
997 1038 1040 1070 de
1064 1038 1242 1070 Faventia.

198 1090 332 1122 Eodem
355 1100 456 1123 anno.
481 1108 523 1113 -—
546 1091 655 1123 Facta
677 1089 744 1122 fuit
767 1100 837 1132 pax
859 1090 950 1122 inter
974 1090 1193 1123 Ghibellinos
1224 1091 1386 1133 expulsos
1416 1091 1459 1124 de
1483 1091 1639 1124 Bononia
1669 1096 1704 1123 et
1732 1091 1877 1124 Guelfos
1907 1102 1963 1123 re-

108 1148 240 1187 gentes·
286 1143 332 1175 Et
354 1143 537 1176 occasione
562 1143 678 1175 dictae
700 1143 797 1185 pacis
821 1142 1012 1176 Ghibellini
1036 1143 1214 1176 redierunt
1236 1142 1442 1176 Bononiam'
1466 1143 1510 1176 de
1541 1144 1716 1177 voluntate
1741 1144 1957 1181 Guelfomm,

111 1196 168 1228 die
192 1205 298 1237 xxvu
320 1195 536 1238 septembris.
721 1186 730 1197 ⁸

196 1249 331 1282 Eodem
362 1259 463 1282 anno.
487 1268 529 1272 -
551 1249 786 1282 Lambertacii
809 1249 934 1282 iterum
957 1254 992 1282 et
1016 1249 1060 1282 de
1084 1259 1174 1282 novo
1198 1249 1339 1282 fuerunt
1355 1260 1474 1282 omnes
1495 1250 1631 1292 expulsi
1655 1251 1698 1283 de
1721 1250 1886 1290 Bononia,
1904 1251 1961 1283 die

0 1338 5 1347 Ἃ
41 1303 83 1334 20
109 1311 173 1343 XXJ
197 1302 402 1335 decembris.
448 1303 494 1335 Et
517 1302 584 1335 hoc
608 1302 675 1335 fuit
697 1307 840 1344 propter
863 1313 959 1334 suum
984 1302 1162 1335 defectum
1186 1308 1221 1334 et
1252 1308 1396 1344 propter
1418 1314 1512 1335 suam
1536 1303 1746 1344 superbiam3
1773 1303 1853 1346 quia
1883 1314 1961 1336 cum

0 1345 2 1350 ⁸
107 1355 173 1397 ipsi
196 1355 358 1387 viderunt
381 1366 417 1387 se
442 1365 608 1394 reversos,
632 1355 698 1397 ipsi
721 1355 927 1396 inceperunt
950 1354 1079 1387 habere
1111 1360 1241 1387 tantam
1266 1355 1472 1397 superbiam,
1497 1356 1590 1397 quod
1614 1361 1687 1388 erat
1710 1356 1827 1393 nimis;
1853 1361 1887 1388 et
1910 1356 1963 1388 di-

53 1401 55 1403 ’
108 1407 234 1440 cebant
258 1407 352 1451 quod
381 1407 543 1440 volebant
574 1407 795 1440 medietatem
820 1408 971 1439 omnium
1003 1407 1191 1440 officiorum
1222 1412 1257 1440 et
1286 1407 1454 1440 honorum
1478 1408 1582 1440 totius
1606 1408 1824 1441 comunitatis
1847 1414 1881 1441 et
1905 1418 1964 1440 co-

107 1460 192 1493 tidie
215 1460 436 1493 susurrabant
459 1465 494 1492 et
517 1459 735 1492 minabantur
758 1459 899 1492 Guelfis.
947 1459 1066 1502 Itaque
1090 1470 1170 1502 pars
1193 1459 1400 1492 Guelforum
1424 1470 1493 1493 non
1523 1460 1635 1503 potuit
1657 1461 1803 1494 sufferre
1835 1466 1963 1494 tantam

107 1513 303 1555 superbiam
327 1518 363 1545 et
385 1512 534 1545 finaliter
555 1512 622 1554 ipsi
652 1512 862 1554 expulerunt
893 1517 928 1544 et
950 1512 1161 1544 robaverunt
1191 1522 1310 1545 omnes
1332 1513 1425 1555 ipsos
1454 1512 1687 1551 Ghibellinos;
1713 1519 1747 1546 et
1778 1514 1844 1546 fuit
1868 1525 1965 1547 error

39 1564 81 1597 25
106 1566 278 1598 secundus
300 1565 399 1608 pejor
420 1566 548 1608 priore.
594 1565 640 1598 Et
662 1570 746 1598 tunc
770 1565 837 1597 fuit
862 1565 1032 1598 maximus
1055 1575 1172 1598 rumor
1193 1566 1229 1597 in
1252 1566 1419 1605 Bononia,
1437 1577 1481 1598 ex
1498 1576 1566 1609 quo
1582 1566 1680 1599 multi
1704 1567 1896 1600 Ghibellini
1911 1568 1964 1599 in-

107 1619 249 1652 terfecti
272 1619 425 1652 fuerunt.

195 1672 331 1705 Eodem
355 1682 456 1705 anno.
481 1691 523 1695 —
545 1672 713 1705 Dominus
735 1672 900 1705 Matiolus
925 1671 968 1705 de
994 1672 1221 1711 Griffonibus,
1248 1673 1333 1705 civis
1355 1672 1543 1712 Bononiae,
1568 1674 1635 1706 fuit
1659 1674 1790 1707 electus
1813 1679 1964 1716 potestas

107 1724 258 1758 civitatis
281 1724 449 1757 Senatum
473 1730 508 1757 et
531 1724 617 1757 obiit
639 1724 700 1757 illo
723 1734 826 1757 anno.
990 1720 996 1728 '

197 1777 331 1810 Eodem
353 1787 454 1810 anno.
479 1795 521 1800 -—
544 1777 732 1810 Combusta
754 1777 822 1810 fuit
844 1777 950 1810 Tixia
972 1778 1108 1816 tricola,
1132 1788 1174 1811 eo
1205 1778 1289 1821 quia
1318 1779 1454 1812 fecerat
1481 1779 1600 1812 malias
1632 1784 1667 1812 et
1693 1780 1963 1813 affacturaverat

1 1865 4 1870 Δ
41 1831 84 1863 30
108 1840 252 1864 uxorem
274 1830 370 1863 Petri
394 1830 438 1863 de
461 1830 718 1870 Tencharariis,
742 1841 787 1863 ex
810 1841 879 1874 qua
901 1831 1167 1863 affacturatione
1190 1831 1266 1873 ipsa
1290 1832 1450 1864 decessit.

193 1883 453 1917 M.CCLXXX.
478 1902 520 1907 —
542 1883 711 1917 Dominus
734 1894 851 1917 comes
880 1884 1066 1917 Bertoldus
1090 1885 1133 1917 de
1157 1884 1302 1924 Ursinis,
1326 1885 1439 1919 frater
1464 1885 1595 1919 domini
1624 1897 1747 1929 papae,
1771 1886 1838 1919 fuit
1861 1892 1960 1930 pote-

108 1942 176 1970 stas
198 1937 387 1986 Bononiae.

196 1990 331 2024 Eodem
354 2000 455 2023 anno.
480 2009 521 2014 —-
544 1991 712 2024 Dominus
734 2001 825 2034 papa
847 1991 1015 2024 Nicolaus
1039 1991 1082 2023 de
1107 1991 1243 2024 Ursinis
1261 1992 1353 2029 ⁴obiit
1378 1991 1422 2024 de
1447 2003 1563 2025 mense
1586 1993 1732 2037 augusti.

196 2044 330 2076 Eodem
354 2053 454 2092 anno.
472 2062 514 2067 —
529 2043 661 2077 Civitas
683 2044 872 2077 Faventiae
896 2050 1000 2086 capta
1015 2049 1050 2076 et
1073 2044 1192 2077 habita
1217 2044 1284 2076 fuit
1307 2055 1372 2086 per
1393 2045 1629 2078 Bononienses
1653 2046 1711 2078 die
1729 2055 1797 2088 ΧΗ]
1821 2047 1961 2079 decem-

0 2127 2 2134 ,
42 2095 84 2128 35
108 2096 189 2129 bris.
228 2097 275 2130 Et
297 2097 364 2130 fuit
387 2097 438 2129 eis
460 2097 541 2130 data
554 2107 620 2139 per
634 2097 880 2139 Tebaldellum
898 2097 1059 2130 Saraxini
1076 2097 1119 2130 de
1135 2097 1353 2130 Zambraxiis
1369 2098 1413 2130 de
1429 2099 1607 2131 Faventia.
1647 2099 1719 2138 Qui
1734 2099 1962 2132 Tebaldellus

107 2149 174 2181 fuit
196 2149 419 2189 factuscivis
448 2150 669 2183 bononiensis
691 2150 727 2182 in
751 2150 894 2183 consilio
924 2150 1055 2192 populi,
1085 2150 1121 2182 in
1152 2160 1242 2182 anno
1272 2150 1412 2182 Domini
1447 2151 1542 2190 1292,
1573 2152 1647 2193 ipse
1670 2157 1705 2184 et
1728 2152 1857 2184 fratrer
1882 2163 1961 2184 suus

107 2202 330 2246 Zambraxius
353 2208 389 2236 et
412 2203 529 2235 Guido
553 2203 597 2236 de
619 2203 835 2236 Zambraxiis
858 2209 893 2236 et
915 2213 1034 2236 omnes
1058 2203 1102 2236 de
1127 2204 1229 2236 domo
1253 2214 1322 2235 sua.
1370 2204 1416 2236 Et
1447 2215 1551 2236 causa
1572 2204 1639 2236 fuit
1661 2205 1727 2237 ista
1748 2205 1829 2247 quia
1858 2205 1962 2237 Lam-

108 2255 254 2288 bertacii
277 2256 412 2298 expulsi
436 2256 480 2288 de
503 2256 660 2289 Bononia
690 2262 862 2289 morantes
885 2257 921 2288 in
945 2257 1114 2289 Faventia
1136 2256 1353 2289 abstulerunt
1375 2268 1481 2289 unum
1510 2267 1655 2299 porcum
1685 2257 1894 2290 Tebaldello
1926 2263 1961 2290 et

108 2308 328 2342 minabantur
357 2309 423 2342 sibi
454 2309 584 2342 cotidie
618 2310 738 2342 facere
761 2309 869 2352 pejus.
916 2310 962 2342 Et
985 2315 1068 2342 tunc
1098 2309 1325 2342 Tebaldellus
1354 2315 1498 2351 propter
1527 2310 1614 2342 illud
1645 2310 1847 2352 despectum
1870 2311 1961 2343 misit

43 2362 86 2393 40
110 2361 222 2394 subito
245 2361 519 2395 Bononiensibus
540 2362 687 2395 formam
705 2362 854 2395 clavium
869 2368 1046 2405 portarum
1063 2363 1261 2395 Faventiae.
1308 2363 1354 2394 Et
1377 2362 1489 2395 subito
1512 2373 1592 2404 pars
1608 2363 1813 2395 Guelforum
1833 2363 1877 2395 de
1892 2363 1960 2395 Bo-

108 2414 225 2447 nonia'
249 2420 418 2448 venerunt
441 2416 642 2448 Faventiam
659 2426 738 2448 cum
755 2416 910 2449 clavibus
933 2427 1011 2449 cum
1036 2416 1185 2448 maxima
1208 2416 1398 2459 quantitate
1421 2416 1575 2459 gentium
1599 2421 1634 2448 et
1656 2416 1870 2449 intraverunt
1893 2417 1959 2448 Fa-

109 2468 261 2500 ventiam
285 2474 319 2501 et
342 2474 511 2511 ceperunt
533 2469 641 2511 ipsam
665 2475 700 2502 et
730 2469 983 2502 interfecerunt
1012 2479 1131 2502 omnes
1161 2470 1204 2502 de
1236 2475 1334 2511 parte
1363 2469 1693 2507 Lambertaciorum,
1717 2479 1802 2512 quos
1832 2469 1960 2502 habere

110 2527 306 2564 potuerunt.
352 2522 471 2565 Itaque
495 2531 614 2554 omnes
637 2523 763 2555 mortui
786 2522 843 2555 vel
871 2522 982 2566 fugati
1005 2522 1147 2555 fuerunt
1170 2528 1205 2555 et
1228 2532 1346 2554 omnes
1370 2522 1550 2565 clavighae
1575 2527 1609 2554 et
1631 2521 1807 2554 andronae
1832 2521 1875 2554 de
1893 2523 1959 2554 Fa-

110 2575 227 2607 ventia
242 2581 340 2607 erant
355 2575 479 2618 plenae
504 2575 781 2607 Ghibellinorum
804 2581 1024 2608 mortuorum.
1071 2576 1117 2608 Et
1139 2576 1175 2607 in
1198 2581 1401 2617 perpetuam
1424 2574 1623 2606 memoriam
1645 2574 1902 2616 praedictorum
1925 2581 1960 2608 et

45 2625 86 2660 45
110 2628 309 2661 memoriam
332 2628 418 2660 dicti
441 2628 588 2670 porcelli
619 2629 813 2661 ordinatum
836 2629 903 2662 fuit
925 2629 961 2661 in
991 2629 1120 2671 populo
1150 2628 1352 2661 bononiensi
1387 2628 1480 2670 quod
1514 2638 1651 2669 semper
1679 2628 1772 2660 omni
1802 2638 1892 2660 anno
1923 2629 1958 2659 in

110 2680 266 2714 Bononia
289 2686 486 2713 curreretur
508 2691 613 2713 unum
635 2680 791 2714 bravium
815 2681 851 2713 in
875 2682 932 2714 die
949 2682 1060 2721 sancti
1081 2681 1213 2714 Bertoli
1236 2691 1300 2723 per
1322 2686 1461 2713 stratam
1484 2679 1664 2723 Majorem,
1688 2681 1724 2711 in
1748 2690 1816 2723 quo
1839 2680 1959 2714 bravio

112 2739 201 2768 esset
224 2744 362 2777 semper
382 2744 470 2766 unus
492 2729 619 2776 porcus
641 2735 811 2774 arostitus,
835 2745 951 2768 amore
975 2734 1174 2768 Tebaldelli
1198 2735 1242 2767 de
1265 2734 1481 2767 Zambraxiis
1504 2734 1548 2766 de
1572 2734 1748 2766 Faventia.

203 2848 245 2867 1-2
265 2849 336 2875 quae
357 2843 454 2867 emula
471 2841 578 2866 cibaria
596 2841 832 2874 imbrataverunt]
851 2849 921 2874 agg.
940 2843 1019 2866 molto
1037 2840 1087 2874 pir>
1111 2841 1188 2866 tardi
1205 2841 1241 2865 da
1259 2841 1333 2865 altra
1351 2848 1427 2865 mano
1446 2854 1479 2858 -
1499 2846 1512 2864 2
1516 2844 1530 2871 5
1550 2840 1579 2864 et
1596 2838 1674 2871 tunc]
1693 2839 1807 2872 seguivu
1826 2820 1957 2870 expulsus

113 2883 171 2917 esu
183 2885 328 2909 cancellato
349 2899 380 2903 —-
396 2889 428 2916 27
443 2885 583 2909 Dominus
595 2883 742 2917 Matioius]
753 2886 844 2911 scritto
856 2893 886 2910 su
897 2884 1030 2910 abrasura
1044 2898 1076 2903 —
1090 2883 1123 2908 28
1135 2885 1165 2909 et
1178 2884 1251 2908 obiit
1269 2883 1317 2907 1110
1330 2881 1418 2915 anno]
1431 2891 1499 2915 agg.
1512 2881 1563 2914 pit>
1575 2882 1651 2907 tardi
1663 2896 1695 2900 —
1710 2887 1741 2913 35
1757 2879 1958 2913 Tebaldellum]

112 2927 224 2961 σφω’-να
243 2927 276 2952 de
294 2927 397 2952 Achati
416 2935 430 2950 e
441 2929 480 2962 su
499 2928 641 2952 cancellato

0 2842 10 3029 nvw-—w-m,

2034 1153 2090 1173 Μυκ

2035 2425 2122 2450 ε,421>

2095 1166 2111 1178 .,
2129 1152 2166 1174 127
