2242 3418
197 893 228 920 10

196 1116 227 1143 15

192 1335 228 1362 20

196 1664 231 1691 25

194 2016 231 2044 30

195 2238 229 2266 35

198 2468 233 2495 40

199 2686 233 2714 45

238 139 334 175 ,118
692 132 703 134 ”

1034 132 1333 169 APPENDICE

1136 341 1232 375 VIII.

359 419 485 451 Bonna
509 426 650 450 PAPALE
672 426 709 448 m
733 423 902 447 D1SPENsA
925 424 995 446 PER
1018 424 1056 445 1L
1079 421 1315 445 MATRIMONIO
1330 422 1367 444 m
1391 411 1547 444 ANDALO
1570 423 1607 445 m
1630 413 1790 446 ΜΑΤΤΕο
1814 415 1997 448 Gan-rom

863 477 933 500 coN
956 466 1119 499 MATTEA
1142 466 1379 498 ZAMBECCARI
1393 464 1402 481 ¹

257 604 359 637 [Copia
392 603 463 628 bulle
491 603 599 636 papalis
627 607 720 635 super·
739 601 949 633 dispensatione
979 599 1155 624 matrimonii

338 645 474 670 contracti
493 646 567 669 inter
585 643 696 668 Andalo
717 644 749 668 de
768 643 947 668 Griffonibus
965 643 994 667 et
1011 641 1154 666 Matheam

344 687 378 712 de
397 685 603 718 Zambecariisl.

836 755 861 776 13
877 755 998 775 novembre
1014 754 1072 775 1⁴0⁴.

343 803 524 828 Innocentius
542 802 691 835 episcopus
703 808 797 826 servus
810 807 953 825 servorum
967 801 1030 830 Dei,
1043 807 1154 824 venera-

255 848 306 872 bili
323 847 406 871 fratri
430 847 561 878 episcopo
586 846 754 870 bononiensi
779 845 897 870 salutem
922 845 950 869 et
973 844 1154 875 apostolicam

255 891 472 916 beneditionem.
492 890 593 915 Oblate
612 890 692 914 nobis
710 896 762 921 pro
775 890 855 921 parte
873 889 967 913 dilecti
980 888 1030 912 filii
1043 886 1153 912 Andalo

256 935 362 959 Mathei
381 935 414 958 de
433 934 608 959 Griffonibus
626 935 654 957 et
672 933 768 958 dilecte
786 934 816 957 in
836 932 950 958 Christo
970 931 1025 956 filie
1043 931 1154 956 Mathee

255 979 399 1011 Peregrini
429 978 462 1002 de
487 978 676 1002 Zambecariis
700 977 807 1001 civium
833 976 1056 1002 Bononiensium
1081 976 1153 1007 peti-

254 1023 344 1048 tionis
362 1024 448 1047 series
471 1022 635 1047 continebat
658 1021 734 1053 quod
757 1021 816 1053 ipsi
841 1019 952 1045 Andalo
971 1022 999 1045 et
1024 1020 1154 1045 Mathaea

254 1067 411 1092 desiderant
437 1067 553 1091 insimul
577 1065 826 1090 matrimonialiter
852 1065 987 1096 Copulari
1012 1065 1060 1089 sed
1086 1065 1153 1096 quia

255 1109 367 1136 Andale
387 1113 415 1135 et
427 1111 538 1136 Mathea
556 1109 658 1143 prefati
676 1111 764 1134 tercio
789 1111 817 1134 et
835 1110 935 1141 quarto
954 1109 1153 1141 consanguini-

254 1157 323 1180 tatis
340 1155 474 1188 gradibus
486 1155 607 1179 invicem
626 1155 692 1179 sunt
709 1154 855 1179 coniuncti
874 1154 1037 1178 huiusmodi
1057 1160 1152 1178 eorum

254 1201 422 1225 desiderium
441 1200 592 1231 adimplere
611 1200 752 1231 nequeunt
770 1199 979 1231 dispensatione
1002 1205 1084 1230 super
1101 1198 1153 1222 hoc

253 1244 409 1278 apostolica
427 1252 485 1269 non
503 1245 627 1269 obtenta.
663 1243 760 1272 Qum-e
779 1251 831 1275 pro
849 1243 928 1275 parte
946 1243 1074 1274 ipsorum
1092 1242 1152 1266 An-

254 1287 311 1313 dali
330 1290 357 1312 et
376 1287 486 1313 Mathee
504 1288 588 1312 nobis
600 1287 653 1311 suit
671 1286 817 1311 humiliter
836 1286 1025 1318 supplicatum
1037 1287 1069 1310 ut
1087 1292 1152 1319 pro·
1187 1311 1190 1314 ,

255 1332 349 1357 videre
368 1332 411 1357 eis
427 1339 511 1364 super
528 1331 581 1356 hoc
600 1332 633 1356 de
658 1333 796 1363 oportune
821 1331 1040 1362 dispensationis
1061 1330 1153 1362 gratia

254 1376 288 1401 de
311 1376 485 1410 benignitate
509 1376 662 1408 apostoliea
691 1375 880 1408 dignaremur.
918 1375 978 1400 Nos
1008 1375 1097 1407 igitur
1119 1381 1152 1398 ex

253 1421 337 1445 certis
361 1421 456 1446 causis
480 1421 561 1446 nobis
588 1420 723 1452 expositis
749 1419 911 1444 hulusmodi
936 1419 1152 1451 supplicationis

255 1465 386 1490 inclinati
403 1465 572 1491 fraternitati
589 1466 637 1490 tue
653 1464 687 1489 de
703 1472 759 1496 qua
777 1464 808 1489 in
821 1464 879 1489 hiis
891 1465 918 1488 et
930 1463 993 1489 aliis
1007 1463 1152 1495 spetialem

255 1510 286 1534 in
310 1509 427 1535 domino
450 1509 579 1535 fidutiam
607 1509 767 1534 obtinemus
791 1515 841 1540 per
865 1509 1020 1541 apostolica
1044 1504 1151 1539 scripta

1207 598 1384 624 comittimus
1402 601 1430 624 et
1453 599 1617 624 mandamus
1641 601 1778 632 quatenus
1802 601 1827 626 si
1852 602 1895 626 est
1919 601 1960 626 ita
1977 601 2106 633 dictaque

1209 643 1304 668 Matea
1331 644 1446 675 propter
1471 643 1524 668 hoc
1549 645 1630 676 rapta
1653 652 1713 669 non
1737 644 1824 670 fuerit
1844 652 1906 670 cum
1925 645 2027 670 eisdem
2045 646 2105 670 An-

1207 686 1268 712 dalo
1288 689 1315 712 et
1337 688 1449 713 Mathea
1460 689 1492 713 ut
1511 688 1709 720 impedimento
1721 689 1796 720 quod
1809 695 1841 714 ex
1859 690 2104 722 consanguinitate

1205 730 1365 756 huiusmodi
1382 733 1510 764 pervenit
1527 739 1585 757 non
1604 732 1735 757 obstante
1749 733 1962 758 matrimonium
1981 733 2057 758 inter
2074 739 2104 758 se

1205 775 1293 800 libere
1311 775 1474 801 contrahere
1498 777 1526 800 et
1551 776 1581 800 in
1600 783 1634 801 eo
1653 777 1803 808 postquam
1821 778 1995 802 contractum
2018 776 2105 802 fuerit

1206 826 1347 844 remanere
1363 819 1440 844 licite
1462 819 1572 845 valeant
1595 820 1751 852 apostolica
1773 822 1940 845 auctoritate
1962 821 2105 853 dIspenses

1206 862 1314 895 prolem
1334 871 1367 888 ex
1385 863 1547 889 huiusmodi
1573 864 1756 889 matrimomo
1781 865 1987 897 suscipiendam
2012 864 2105 897 legiti-

1207 915 1280 934 mam
1298 909 1497 941 numptiando.

1295 953 1400 978 Datum
1418 952 1524 978 Romae
1542 952 1617 985 apud
1634 954 1762 979 sanctum
1780 954 1902 989 Petrum,
1915 953 1978 979 idus
1990 952 2105 979 nov'em-

1205 997 1265 1022 bris
1282 997 1462 1029 pontificatus
1481 998 1575 1022 nostri
1592 1004 1667 1022 anno
1686 998 1789 1030 primo.

1709 1051 1770 1076 Pno
1785 1051 1831 1083 Jo.
1849 1058 1887 1076 na
1907 1051 2068 1076 vamms

1737 1095 1790 1120 AL.
1811 1102 1850 1119 na
1868 1095 2046 1120 Bnnomnus.

1205 1174 1276 1208 [Ego
1295 1174 1463 1200 Guilielmus
1481 1175 1600 1200 condam
1618 1176 1673 1201 seri
1692 1175 1771 1200 Petri
1790 1175 1822 1200 de
1841 1175 2005 1208 Vax-ignaua
2015 1174 2106 1208 pubu-

1293 1225 1340 1243 cus
1360 1217 1502 1250 imperiali
1520 1219 1549 1243 et
1566 1217 1696 1243 comunis
1721 1218 1849 1243 Bononie
1869 1218 2038 1243 auctoritate
2055 1224 2106 1242 no-

1294 1261 1384 1285 tarius
1401 1261 1433 1284 ut
1451 1267 1525 1285 nune
1543 1261 1672 1285 notarius
1689 1260 1724 1285 ad
1742 1267 1878 1285 cameram
1899 1261 2023 1285 actorum
2044 1266 2106 1292 pre-

1294 1303 1399 1328 dictam
1412 1303 1651 1335 dispensationem
1665 1304 1772 1335 sumpsi
1790 1304 1819 1328 et
1831 1300 1985 1335 exemplavi
1997 1302 2031 1328 ab
2043 1301 2106 1328 eius

1292 1346 1367 1370 bulla
1379 1346 1407 1370 et
1419 1345 1509 1370 literis
1521 1345 1670 1377 papalibus
1687 1345 1801 1370 bullatis
1812 1345 1887 1370 bulla
1898 1344 2027 1377 plombea
2038 1351 2106 1377 pen-

1292 1387 1373 1412 dente
1391 1387 1426 1412 ad
1444 1387 1584 1413 cordulam
1604 1388 1719 1420 canapis
1738 1394 1815 1412 more
1833 1393 1949 1412 romane
1967 1387 2043 1412 curie
2059 1386 2106 1412 de-

1294 1430 1380 1455 verbo
1399 1429 1435 1454 ad
1447 1430 1563 1455 verbum
1581 1431 1665 1462 prout
1683 1430 1715 1454 in
1733 1429 1774 1454 eis
1791 1428 1885 1454 literis
1903 1429 2064 1453 continetur
2077 1429 2106 1454 et

1295 1472 1431 1504 scriptum
1449 1472 1511 1505 est]-

1151 1665 1212 1698 IX.

512 1737 705 1774 meuzm
729 1746 766 1769 m
789 1746 840 1770 UN
861 1746 985 1770 FURTo
1009 1745 1195 1769 COMMESSO
1217 1744 1244 1768 A
1265 1743 1388 1768 DANNo
1411 1744 1448 1766 m
1472 1733 1633 1766 MATTEO
1658 1732 1864 1766 GmFFoNr'

344 1889 400 1914 Hec
418 1890 460 1914 est
477 1890 594 1921 quedam
611 1889 763 1921 inquisitio
781 1895 836 1920 que
853 1889 886 1913 fit
902 1889 931 1914 et
949 1888 1009 1913 fieri
1032 1888 1156 1913 intendi-

255 1933 303 1956 tur
321 1939 370 1964 per
387 1931 566 1964 magnificum
584 1932 613 1956 et
631 1932 779 1963 potentem
799 1930 919 1955 militem
937 1930 1086 1955 dominum
1106 1930 1156 1954 Pa-

256 1980 360 2006 ganum
378 1973 411 1998 de
430 1973 580 2005 Capitibus
598 1973 687 1998 Vaece
705 1973 739 1997 de
756 1972 852 1997 Padua
869 1972 1065 1997 honorabilem
1078 1973 1157 2003 pote-

257 2018 359 2042 statem
376 2017 502 2042 civitatis
521 2017 649 2042 Bononio
667 2017 780 2048 elusque
798 2017 949 2041 comitatus
967 2015 1051 2040 toi-tie
1069 2017 1098 2041 et
1116 2015 1157 2039 di-

257 2061 370 2086 strictus
387 2068 440 2093 pro
453 2061 602 2094 magnifico
614 2062 644 2086 et
654 2061 761 2086 excelso
774 2060 890 2085 domino
903 2060 1027 2085 Iohanne
1041 2059 1074 2083 de
1087 2060 1157 2084 Ben-

256 2105 370 2138 tivoglis
388 2106 438 2130 etc.
457 2112 584 2130 necnon
603 2112 653 2137 per
670 2106 828 2137 sapientem
847 2106 877 2129 et
894 2104 1040 2137 egregium
1064 2104 1157 2136 legum

257 2149 398 2183 doctorem
422 2148 567 2174 dominum
587 2149 815 2174 Bartholomeum
833 2148 866 2173 de
885 2149 984 2181 Papno
1009 2148 1069 2173 eius
1087 2147 1158 2172 iudi-

256 2199 315 2217 cem
335 2193 543 2218 malefficiorum
566 2201 618 2225 per
642 2191 736 2226 ipsum
759 2193 905 2218 dominum
930 2193 1098 2225 potestatem
1123 2192 1158 2217 ad

257 2237 364 2261 dictum
388 2237 510 2262 officium
535 2237 734 2262 maleficiorum
752 2233 909 2269 spetialiter
934 2236 1106 2268 deputatum,
1125 2243 1158 2260 ex

258 2288 357 2306 eorum
374 2282 403 2306 et
420 2281 554 2312 cuiusque
573 2282 701 2314 ipsorum
714 2281 804 2306 officio
817 2281 936 2306 arbitrio
949 2280 1118 2305 auctoritate
1130 2282 1159 2305 et

258 2324 341 2356 balla,
355 2332 406 2350 nec
425 2331 483 2350 non
495 2324 530 2350 ad
547 2325 688 2357 querelam
707 2326 736 2350 et
754 2325 968 2357 requisitionem
988 2324 1108 2350 Matthei
1126 2324 1159 2349 de

259 2367 428 2394 Gritonlbus
444 2368 478 2393 de
496 2367 631 2395 Bononia
649 2368 751 2401 capelle
769 2369 859 2394 sancti
878 2369 1044 2394 Barbatiani
1062 2370 1160 2393 contra

257 2413 287 2437 et
304 2413 437 2438 adversus
787 2414 789 2416 ’

348 2458 527 2483 Franciscum
545 2457 665 2483 condam
683 2458 763 2482 Petri
789 2458 823 2482 de
847 2458 993 2483 Florentia
1017 2458 1159 2490 publicum

260 2502 288 2526 et
305 2500 445 2527 famosum
462 2501 552 2527 turem
570 2502 716 2527 hominem
742 2502 812 2526 male
837 2501 1027 2530 condictionis
1044 2509 1160 2526 conver-

261 2547 381 2571 sationis
393 2547 451 2571 vite
468 2548 497 2571 et
514 2546 594 2578 fame,
607 2547 639 2571 in
657 2554 690 2572 eo
709 2547 741 2571 de
759 2554 794 2572 eo
811 2549 839 2571 et
857 2554 940 2578 super
952 2553 986 2572 eo
999 2547 1074 2578 quod
1086 2546 1162 2571 fama

261 2591 373 2623 publica
391 2591 552 2623 precedente
570 2593 599 2616 et
616 2591 735 2617 clamosa
748 2592 942 2617 insinuatione
954 2591 1092 2617 referente
1103 2598 1161 2617 non

261 2635 375 2667 quidem
393 2643 410 2661 a
428 2636 567 2662 malivolis
583 2637 612 2661 et
630 2637 767 2668 suspectis
785 2637 850 2662 orta
867 2636 915 2662 sed
932 2637 1028 2669 potius
1053 2637 1087 2661 ab
1112 2636 1161 2661 ho-

261 2680 349 2705 nestis
366 2680 513 2714 fidedignis
530 2681 663 2706 veridIcIs
681 2681 844 2706 homiuibus
862 2683 890 2706 et
906 2681 1035 2714 personis
1048 2682 1084 2706 ad
1095 2681 1162 2706 hau-

263 2730 305 2748 res
322 2725 351 2748 et
370 2725 504 2749 notitIam
521 2724 587 2750 dieti
607 2724 717 2750 domini
735 2725 884 2757 potestatis
901 2732 1006 2757 sueque
1023 2725 1102 2751 curIe
1115 2732 1163 2750 au-

262 2767 326 2793 ditu
343 2769 472 2799 pervenit
495 2768 572 2800 quod
596 2768 760 2794 Franclscus
783 2769 940 2802 Inquisitus
957 2768 1105 2802 predictus,
1129 2769 1164 2794 de

346 2867 352 2881 ¹
367 2868 442 2922 Aigih.
456 2867 479 2888 dl
495 2869 559 2890 sento
582 2868 605 2889 di
626 2869 740 2896 Boiognn:
757 2868 829 2890 Laeo-
847 2870 891 2895 †††
907 2869 1068 2897 provisionum
1088 2869 1112 2890 ιἰι
1128 2876 1167 2890 ca-

263 2903 345 2929 pulo,
359 2906 380 2923 c.
435 2907 454 2923 r.

1209 1895 1284 1912 anno
1304 1887 1428 1919 presenti
1447 1887 1477 1911 et
1494 1886 1623 1918 proxime
1642 1886 1777 1918 preterito
1790 1892 1883 1911 mense
1895 1884 2109 1910 decembrIsdo-

1208 1931 1265 1957 lose
1292 1932 1412 1956 scienter
1435 1932 1463 1956 et
1487 1931 1638 1963 appensate
1667 1931 1770 1962 spiritu
1794 1930 1931 1955 diabolico
1956 1930 2110 1963 instigatus

1210 1977 1302 2001 Deum
1315 1983 1368 2009 pro
1387 1975 1473 2000 oculis
1491 1982 1549 2000 non
1563 1974 1688 1999 habendo
1701 1975 1748 1999 sed
1760 1975 1856 2007 potius
1875 1975 1990 2000 humani
2001 1975 2110 2007 generis

1212 2021 1359 2046 inimicum
1383 2022 1479 2045 animo
1505 2022 1532 2045 et
1555 2020 1715 2044 intentione
1736 2019 1861 2045 lucrandi
1885 2021 1913 2044 et
1931 2019 2111 2052 infrascripta

1211 2064 1286 2090 turta
1296 2065 1465 2090 comictendi
1475 2066 1503 2089 et
1511 2064 1695 2096 perpetrandi,
1708 2065 1830 2089 existens
1842 2065 2004 2089 Franciscus
2017 2064 2111 2096 inqul-

1211 2110 1282 2134 situs
1301 2108 1441 2141 predictus
1460 2109 1489 2133 in
1509 2109 1594 2133 domo
1614 2108 1683 2133 dicti
1702 2108 1815 2141 Mathey
1834 2108 1868 2133 de
1888 2107 2065 2136 Grifonlbus.
2077 2106 2110 2132 de

1210 2153 1284 2178 dicta
1302 2153 1388 2178 domo
1408 2154 1498 2185 ipsius
1518 2152 1626 2177 Mathel
1644 2152 1737 2184 posita
1755 2152 1787 2176 in
1805 2159 1882 2177 cerea
1899 2151 2001 2183 capelle
2018 2151 2111 2177 sancti

1211 2197 1375 2221 Barbatiani
1394 2196 1474 2221 iuxta
1492 2195 1631 2228 quandam
1650 2196 1735 2220 aliam
1753 2194 1866 2220 domum
1879 2194 1952 2219 dicti
1965 2193 2071 2220 Mathei
2083 2195 2111 2219 et

1211 2239 1287 2264 viam
1307 2239 1445 2271 publicam
1463 2246 1480 2263 a
1499 2239 1608 2263 duobus
1626 2238 1757 2263 lateribus
1776 2238 1882 2263 furatus
1901 2237 1955 2263 fuit
1972 2244 2060 2263 unum
2078 2237 2111 2261 li-

1211 2284 1294 2308 brum
1312 2284 1496 2316 epistolarum
1515 2283 1617 2308 Senece
1636 2283 1672 2308 ad
1691 2283 1828 2308 Lucillum
1843 2283 1873 2307 in
1886 2283 1970 2308 cartis
1983 2282 2110 2307 menbra-

1214 2329 1258 2353 nis
1276 2328 1379 2353 valoris
1391 2329 1419 2353 et
1432 2328 1626 2353 extimationis
1638 2327 1774 2352 librarum
1794 2327 1917 2359 quinque
1930 2328 1958 2352 et
1970 2325 2112 2352 soldorum

1213 2374 1276 2397 octo
1289 2373 1365 2404 bon.,
1379 2373 1550 2405 spectantem
1563 2373 1591 2397 et
1600 2372 1788 2404 pertinentem
1799 2372 1834 2396 ad
1846 2371 1950 2396 dictum
1962 2370 2112 2401 Matheurm

1212 2418 1240 2442 et
1253 2418 1360 2442 dictum
1372 2417 1473 2442 librum
1488 2417 1651 2441 Franclscus
1664 2416 1818 2448 inquisitus
1829 2416 1970 2449 predictus
1980 2415 2114 2448 pignora-

1213 2462 1258 2486 vit
1276 2469 1360 2493 penes
1379 2461 1527 2493 quemdam
1546 2461 1659 2486 ebreum
1678 2461 1727 2492 qui
1741 2462 1858 2485 vocatur
1871 2460 1990 2485 Liucius
2001 2460 2031 2484 ln
2049 2466 2113 2492 esp-

1213 2505 1284 2537 pella
1296 2506 1387 2530 sancti
1401 2505 1549 2530 Michaelis
1562 2505 1596 2530 de
1609 2500 1726 2530 P'roseto
1740 2505 1769 2529 in
1782 2505 1869 2530 strata
1882 2504 1983 2529 maiori
1994 2511 2046 2536 pro
2060 2503 2114 2528 sol—

1214 2550 1260 2575 dis
1279 2550 1331 2575 XX
1349 2550 1416 2575 bon.
1430 2556 1501 2582 quos
1513 2549 1544 2574 in
1557 2557 1622 2574 suos
1635 2556 1701 2574 usus
1714 2549 1856 2579 convertit
1866 2549 1899 2573 ut
1911 2548 1967 2573 sibi
1978 2548 2071 2579 libuit,
2084 2548 2115 2573 et

1213 2594 1282 2619 tunc
1300 2594 1470 2618 Franciscus
1489 2594 1642 2625 inquisitus
1661 2593 1802 2625 predictus
1825 2592 1919 2617 dolose
1936 2593 1963 2616 et
1984 2590 2114 2622 ‚frauden-

1214 2639 1259 2662 ter
1283 2638 1404 2662 mutavit
1430 2638 1487 2662 sibi
1513 2645 1616 2662 nomen
1641 2636 1766 2662 fatiendo
1789 2636 1874 2662 scribi
1893 2637 1923 2661 in
1948 2635 2029 2661 libris
2047 2635 2114 2660 dicti

1214 2682 1289 2706 ebrei
1307 2681 1382 2714 quod
1395 2682 1548 2707 vocabatur
1560 2681 1699 2706 Iohannes
1713 2681 1789 2706 Petri
1807 2680 1840 2705 de
1852 2681 1998 2705 Lanciano
2014 2680 2115 2704 eontra

1215 2725 1387 2751 voluntatem
1412 2727 1441 2750 et
1458 2726 1488 2750 in
1507 2732 1593 2758 grave
1616 2725 1770 2758 dampnum
1794 2725 1823 2749 et
1840 2723 2028 2756 preiudicium
2046 2723 2115 2749 dleti

1215 2769 1357 2803 Matthey.

1302 2870 1311 2884 Ι
1326 2869 1439 2891 Archivio
1454 2870 1477 2890 di
1492 2871 1557 2891 Staio
1579 2869 1602 2890 di
1623 2870 1736 2896 Bologna:
1757 2869 1925 2895 Accusationn,
1944 2874 2005 2889 anno
2022 2868 2078 2894 1⁴02,
2092 2868 2116 2890 31

1223 2908 1335 2930 genunio·

2134 856 2167 884 10

2133 1087 2167 1116 15

2138 2061 2174 2089 30

2139 2283 2173 2312 35

2142 2725 2177 2753 45
