2242 3418
135 183 218 219 [ΛΑ.
237 185 418 219 uos-1410]
722 175 1044 213 MEMORIALE
1073 173 1397 211 HISTORICUM
1928 174 1974 214 97

221 310 353 347 Eodem
376 321 477 350 anno,
503 311 560 344 die
582 320 640 352 111J
656 309 818 343 octobris.
836 327 877 331 —
892 306 1060 340 Dominus
1083 305 1215 350 legatus
1231 305 1376 338 intravit
1393 304 1551 338 Castrum
1567 305 1820 351 Bolognesium,
1846 307 1982 342 scilicet

4 407 6 411 ἡ
132 368 251 409 gentes
273 374 364 403 suae,
389 364 482 408 quod
507 363 726 397 detinebatur
740 373 804 406 per
818 360 961 394 comites
977 361 1021 393 de
1036 359 1211 392 Barbiano
1221 371 1230 397 ;
1247 363 1282 391 et
1299 358 1394 391 dicta
1411 358 1468 391 die
1491 368 1606 391 comes
1628 359 1831 393 Ludovicus
1855 360 1898 392 de
1913 361 1979 393 Za-

3 418 11 470 3ss
47 429 55 436 ·
131 427 262 461 gonara
284 418 330 451 ad
353 417 556 460 petitionem
580 416 712 450 domini
735 415 841 460 legati
864 413 1002 456 accepit
1026 418 1175 445 castrum
1198 411 1314 455 Lughi
1339 411 1555 444 consortibus
1591 412 1662 444 suis
1685 418 1719 445 et
1751 412 1909 445 dominus
1932 414 1980 446 le-

2 478 13 504 ?
130 475 231 514 gatus
253 469 346 502 misit
370 470 420 503 ibi
446 470 622 503 dominum
646 468 840 513 Ricardum
865 468 908 500 de
931 465 1070 509 Pepolis
1092 475 1171 497 cum
1194 464 1357 509 gentibus
1380 464 1459 497 suis.

89 520 107 554 5
220 523 351 556 Eodem
375 533 477 562 anno,
501 523 545 555 de
566 532 682 555 mense
705 519 907 554 decembris.
945 537 986 541 —
1008 517 1178 550 Dominus
1205 517 1338 561 legatus
1368 517 1500 559 incepit
1530 518 1647 550 facere
1678 518 1798 551 reduci
1829 524 1978 551 castrum

133 573 343 619 Crespellani
368 576 461 608 infra
483 576 529 608 ad
551 575 692 618 planum
714 579 749 606 et
771 572 865 605 misit
888 571 1064 604 dominum
1088 570 1282 614 Ricardum
1306 570 1350 602 de
1372 569 1512 612 Pepolis
1534 581 1597 613 pro
1621 577 1846 613 suprastante.

218 627 321 661 Anno
337 628 522 661 Millesimo
538 628 618 661 11110
634 627 735 660 VIIH
751 626 795 659 de
810 634 925 657 mense
941 624 1117 657 februarii.
1135 643 1176 646 —
1193 623 1362 655 Dominus
1376 622 1620 656 Lambertinus
1636 624 1680 656 de
1695 624 1857 657 Canitulo
1873 624 1980 658 inter-

130 681 216 714 fecit
240 682 414 714 dominam
436 681 708 714 Bartolomaeam
725 679 799 723 ejus
814 688 964 716 uxorem,
982 677 1063 720 quia
1079 676 1155 719 ipsa
1171 676 1239 709 fuit
1255 682 1391 719 reperta
1407 676 1510 709 modo
1533 676 1717 709 inhonesto
1735 688 1813 710 cum
1828 676 1979 717 Andalo,

129 732 201 765 filio
223 732 378 765 Mathaei
403 733 447 765 de
470 731 697 770 Griffonibus,
720 730 757 762 in
781 739 917 762 camera
941 728 1029 762 dicti
1054 727 1187 761 domini
1210 726 1436 768 Lambertini.

67 783 107 815 10
218 783 350 816 Eodem
365 792 457 816 anno
477 783 570 815 1409.
588 800 630 805 --
645 780 814 813 Dominus
830 780 997 813 Nicolaus
1013 779 1058 812 de
1074 778 1285 811 Roverbella
1300 778 1414 821 legum
1431 778 1566 817 doctor,
1583 778 1772 811 Zacharias
1788 779 1915 823 Naymi
1936 779 1980 813 de

128 835 278 868 Ysachis
305 836 348 869 de
376 835 505 869 Sancto
529 836 698 879 Johanne,
726 833 908 866 Zenannes
938 831 1102 866 condam'
1124 831 1356 864 Bartolomaei
1379 830 1537 863 Paltroni
1561 831 1725 871 notarius,
1748 832 1870 865 Petrus
1893 842 1976 865 con-

130 890 210 922 dam
234 889 395 933 Symonis
417 889 537 922 Perini
561 889 606 921 de
628 898 766 920 camera
790 886 1014 924 notariorum,
1039 884 1276 928 Guasparinus
1292 884 1468 927 quondam
1485 883 1666 917 Francisci
1691 885 1735 918 de
1757 885 1879 929 Muglo
1903 885 1980 918 fue·

129 947 210 975 runt
231 941 373 975 mitriati
397 947 539 985 propter
561 950 664 973 unam
689 945 819 973 cartam
843 939 983 977 falsam3
1008 944 1043 971 et
1066 938 1183 971 dictus
1206 937 1386 970 Zenannes
1409 937 1479 970 fuit
1502 937 1699 970 combustus
1721 938 1758 970 in
1781 949 1850 971 una
1878 948 1980 971 cane-

128 995 220 1028 vella
242 995 280 1027 in
303 995 435 1038 Campo
458 994 540 1027 Fori
557 999 591 1027 et
607 993 697 1027 dicti
720 993 781 1026 alii
804 992 942 1025 stabant
965 991 1111 1024 mitriati
1127 996 1207 1023 ante
1225 991 1446 1029 canevellam,
1469 990 1627 1023 videntes
1646 990 1819 1032 comburri
1836 991 1977 1024 socium.

66 1046 104 1080 15
216 1048 348 1082 Eodem
371 1047 659 1082 M.CCCCV1111.
684 1065 725 1070 —-
748 1046 917 1078 Dominus
940 1045 1107 1077 Nicolaus
1130 1043 1294 1082 Emensis,
1318 1043 1474 1076 marchio
1498 1044 1542 1076 de
1565 1042 1718 1083 Feraria,
1742 1045 1838 1077 venit
1859 1043 1973 1078 Bono-

128 1101 222 1134 niam
244 1101 347 1135 valde
369 1101 559 1134 honorifice
581 1101 628 1133 ad
651 1099 862 1132 visitandum
886 1098 1063 1131 dominum
1087 1098 1248 1141 legatum.

218 1154 350 1188 Eodem
373 1164 476 1194 anno,
500 1154 558 1186 die
581 1163 657 1185 xxv
679 1152 858 1185 februarii.
884 1170 925 1174 —
948 1150 1118 1183 Dominus
1140 1150 1273 1194 legatus
1296 1150 1506 1192 praedictus,
1524 1149 1683 1183 dominus
1706 1150 1862 1183 marchio
1878 1155 1978 1194 prae-

129 1207 254 1247 dictus,
279 1207 438 1240 dominus
459 1206 655 1240 Pandulfus
678 1206 722 1238 de
743 1204 937 1238 Malatestis
959 1209 993 1236 et
1015 1203 1200 1236 Malatesta
1224 1202 1383 1236 dominus
1405 1202 1574 1235 Pensauri
1598 1203 1735 1235 iverunt
1758 1202 1859 1235 simul
1890 1203 1979 1237 Cae-

128 1270 244 1293 senam
267 1261 313 1294 ad
335 1260 584 1304 parlamentum
609 1270 687 1292 cum
710 1269 803 1302 papa
826 1257 995 1302 Gregorio
1018 1262 1053 1290 et
1076 1267 1155 1289 cum
1182 1256 1315 1289 Karolo
1347 1256 1390 1288 de
1419 1255 1624 1294 Malatestis,
1650 1255 1790 1288 domino
1813 1255 1977 1296 Arimini,

63 1311 106 1343 20
128 1321 232 1344 causa
254 1311 400 1344 tollendi
424 1311 536 1344 sisma.

215 1362 348 1395 Eodem
371 1373 473 1402 anno,
498 1362 556 1395 die
578 1371 632 1403 v1J
654 1361 748 1404 maji.
773 1379 815 1383 —
837 1359 1008 1392 Dominus
1036 1359 1170 1403 legatus
1201 1367 1280 1390 cum
1310 1357 1382 1389 suis
1411 1356 1575 1401 gentibus
1605 1356 1672 1389 ivit
1701 1358 1748 1390 ad
1778 1358 1976 1400 ponendum

128 1425 287 1458 campum
310 1416 357 1449 ad
379 1414 589 1448 Barbianum
612 1420 647 1447 et
670 1414 769 1447 duxit
792 1423 907 1445 secum
931 1411 1173 1454 infrascriptos
1189 1411 1285 1443 cives
1299 1409 1489 1449 Bononiae,
1507 1409 1690 1442 videlicet:
1717 1410 1894 1442 dominum
1911 1410 1978 1443 Ri-

128 1469 271 1511 cardum
296 1469 339 1502 de
362 1468 511 1512 Pepolis,
528 1468 704 1501 dominum
727 1466 878 1509 Lippum
903 1465 946 1498 de
969 1463 1167 1498 Ghisileriis
1189 1468 1224 1495 et
1248 1463 1425 1496 dominum
1448 1462 1711 1496 Lambertinum
1736 1463 1782 1495 de
1803 1463 1976 1496 Canitulo.

217 1522 352 1555 Eodem
375 1533 467 1555 anno
492 1522 535 1554 de
557 1530 676 1553 mense
699 1519 795 1552 iunii.
821 1537 862 1542 —
886 1519 1016 1551 Factus
1038 1517 1106 1549 fuit
1120 1526 1213 1559 papa
1227 1515 1429 1549 Alexander
1443 1516 1583 1559 quintus
1598 1516 1658 1560 qui
1674 1516 1769 1549 venit
1783 1516 1977 1549 Bononiam

63 1569 104 1604 25
130 1572 175 1605 ad
197 1573 356 1606 standum
379 1578 415 1606 et
438 1572 496 1604 hic
520 1571 616 1604 obiit.

215 1623 348 1656 Eodem
370 1633 472 1656 anno.
496 1641 538 1646 —
560 1623 736 1666 Johannes
759 1620 803 1653 de
826 1618 1046 1653 Griffonibus
1068 1618 1138 1652 fuit
1159 1619 1274 1651 factus
1297 1622 1449 1661 potestas
1472 1617 1627 1650 civitatis
1650 1616 1772 1650 Firmi.

217 1677 350 1710 Eodem
372 1686 463 1708 anno
490 1676 585 1714 1409,
609 1675 668 1708 die
690 1683 770 1716 xvxj
791 1673 884 1717 maji.
918 1691 959 1697 -
985 1670 1156 1705 Dominus
1178 1671 1359 1704 Otobonus
1382 1671 1540 1710 Tercins,
1573 1671 1734 1703 dominus
1764 1670 1910 1704 Parmae
1939 1677 1974 1704 et

2 659 6 677 Ι

128 1729 245 1774 Regii,
261 1730 358 1762 venit
379 1729 561 1762 Riberiam
584 1728 630 1761 ad
652 1726 863 1771 loquendum
887 1736 965 1759 cum
989 1725 1130 1758 domino
1154 1724 1354 1757 marchione
1370 1723 1544 1763 Ferariae,
1561 1734 1639 1756 cum
1655 1734 1679 1756 L
1694 1724 1880 1767 equitibus,
1897 1734 1976 1756 cum

128 1782 272 1816 fidantia
295 1782 428 1815 domini
450 1781 671 1820 marchionis,
695 1786 730 1813 et
752 1785 851 1812 erant
874 1779 1010 1811 inimici
1033 1778 1173 1811 insimul
1196 1783 1231 1810 et
1255 1778 1394 1821 quando
1427 1778 1568 1810 fuerunt
1598 1777 1699 1809 simul
1723 1778 1882 1810 fecerunt
1908 1777 1975 1810 sibi

62 1835 105 1867 30
127 1835 174 1868 ad
197 1835 347 1868 invicem
370 1845 531 1880 magnum
555 1835 690 1867 festum.
736 1834 781 1866 Et
805 1834 887 1866 dum
910 1837 1022 1865 essent
1044 1832 1157 1870 simul,
1182 1831 1341 1864 dominus
1367 1831 1523 1863 marchio
1551 1830 1639 1863 fecit
1666 1831 1814 1863 interfici
1842 1830 1975 1863 dictum

129 1889 305 1921 dominum
328 1888 541 1922 Ottobonum
563 1893 598 1920 et
621 1887 671 1920 sic
694 1892 866 1919 mortuum
889 1886 975 1918 fecit
998 1886 1111 1928 ipsum
1126 1884 1304 1917 strasinari
1328 1883 1501 1916 Mutinam
1517 1889 1552 1916 et
1568 1883 1653 1916 fecit
1669 1883 1781 1926 ipsum
1804 1884 1976 1926 squartari

127 1947 162 1974 et
173 1951 301 1985 ponere
312 1948 417 1975 unuin
431 1943 578 1975 frustum
593 1941 639 1974 ad
653 1950 789 1973 omnem
804 1945 939 1982 portam
956 1938 1110 1971 civitatis
1124 1937 1283 1970 Mutinae
1298 1942 1333 1969 et
1349 1946 1469 1969 manus
1484 1937 1531 1969 ad
1545 1937 1671 1969 merlos
1686 1936 1791 1968 castri
1806 1935 1974 1970 Mutinae.

216 1995 347 2028 Eodem
370 2005 472 2034 anno,
489 1995 547 2028 die
570 2004 659 2035 XXVJ
681 1993 780 2037 junii.
798 2011 840 2016 —
863 1992 992 2025 Factus
1008 1991 1076 2024 fuit
1091 2001 1183 2033 papa
1198 1989 1397 2023 Alexander
1412 1989 1563 2033 quintus,
1581 1989 1641 2033 qui
1656 1989 1770 2032 primo
1785 1989 1976 2022 vocabatur

128 2049 238 2081 frater
259 2048 382 2081 Petrus
397 2043 449 2081 >de
470 2047 607 2081 Candia
629 2052 664 2079 et
685 2052 760 2079 erat
782 2045 1067 2088 archiepiscopus
1096 2043 1379 2082 Mediolanensis,
1403 2048 1438 2075 et
1460 2042 1530 2075 fuit
1556 2043 1671 2075 factus
1693 2053 1785 2085 papa
1807 2042 1845 2074 in
1872 2042 1973 2083 Pisis,

8 2095 12 2152 η’
62 2099 104 2133 35
128 2100 189 2134 ubi
212 2101 281 2133 fuit
303 2106 487 2134 coronatus
510 2100 568 2133 die
589 2109 643 2141 VIJ
666 2099 754 2143 ffulii.

216 2154 347 2187 Eodem
377 2163 479 2192 anno,
511 2153 570 2186 die
598 2153 722 2186 ultimo
751 2151 898 2196 augusti.
924 2169 966 2175 --
996 2149 1097 2183 Obiit
1126 2148 1265 2182 Andalb
1293 2149 1338 2182 de
1361 2148 1591 2187 Griffonibus,
1622 2148 1713 2181 filius
1741 2147 1898 2182 Mathaei
1930 2149 1975 2182 de

124 2204 358 2244 Griffonibus,
382 2210 491 2237 morte
515 2203 675 2237 naturali.

216 2255 348 2289 Eodem
370 2265 472 2294 anno,
497 2255 556 2287 die
578 2264 646 2296 νη]
668 2253 881 2297 septembris.
899 2271 942 2276 —
963 2252 1133 2285 Dominus
1155 2251 1345 2284 cardinalis
1361 2250 1550 2283 Militensis
1566 2250 1610 2282 de
1625 2249 1804 2294 Caracolis
1820 2250 1863 2283 de
1879 2250 1973 2283 Nea-

126 2306 200 2349 poli
223 2306 320 2339 venit
342 2305 534 2339 Bononiam
557 2310 592 2338 et
615 2305 684 2338 fuit
706 2305 765 2337 hic
788 2305 931 2349 legatus,
955 2303 1016 2336 ubi
1040 2302 1139 2336 obiit.

0 2367 2 2369 ’
62 2358 105 2390 40
214 2357 435 2391 M.CCCCX.
459 2357 592 2390 Eodem
615 2366 717 2394 anno,
734 2356 792 2388 die
808 2365 861 2396 XIJ
881 2354 1042 2400 januarii.
1066 2372 1109 2377 —
1131 2353 1300 2386 Dominus
1322 2363 1414 2395 papa
1435 2351 1635 2385 Alexander
1649 2351 1684 2386 V
1706 2351 1802 2385 venit
1816 2353 1862 2385 ad
1878 2357 1971 2385 stan-

129 2411 210 2443 dum
233 2421 312 2443 cum
335 2421 396 2443 sua
411 2410 509 2442 curia
531 2409 569 2441 in
593 2409 736 2442 civitate
758 2407 937 2441 Bononiae
960 2413 995 2440 et
1017 2408 1113 2440 facta
1136 2407 1276 2439 fuerunt
1299 2416 1424 2450 magna
1446 2405 1636 2438 hastiludia
1659 2415 1722 2448 per
1737 2405 1914 2438 civitatem
1939 2411 1974 2439 et

127 2464 313 2496 maximum
335 2464 461 2496 festum
484 2468 519 2495 et
541 2462 706 2507 gaudium
729 2467 764 2495 et
786 2461 944 2494 homines
965 2460 1162 2493 sotietatum
1186 2470 1222 2492 se
1246 2459 1435 2492 induerunt
1459 2459 1503 2491 de
1526 2468 1627 2491 novo.

215 2516 348 2550 Eodem
370 2526 473 2555 anno,
490 2515 548 2548 die
571 2525 679 2556 xv111J
701 2514 862 2560 J‘anuarii.
881 2533 923 2537 —
947 2513 1118 2557 Georgius
1134 2513 1178 2545 de
1194 2511 1376 2545 Ordelaffis
1392 2512 1435 2544 de
1451 2510 1606 2544 Forlivio
1623 2511 1767 2544 intravit
1782 2510 1974 2554 Forumpo-

127 2570 201 2612 puli
225 2580 303 2602 cum
326 2569 458 2602 auxilio
481 2568 618 2601 comitis
642 2569 685 2601 de
708 2567 882 2600 Barbiano
898 2577 976 2600 cum
1001 2566 1160 2599 ducentis
1182 2565 1357 2608 equitibus
1379 2570 1414 2597 et
1436 2567 1493 2597 111⁹
1509 2564 1685 2607 peditibus
1707 2570 1742 2597 et
1765 2570 1975 2607 acceperunt

61 2619 103 2652 45
128 2621 268 2653 rocham
291 2620 480 2654 Francisco
504 2620 548 2652 de
570 2618 823 2657 Bocadeseffls,
848 2618 1037 2650 castellano
1060 2617 1170 2660 ipsius
1193 2617 1331 2648 rochae.

215 2671 347 2704 Eodem
370 2681 472 2709 anno,
489 2670 546 2703 die
569 2679 624 2711 κῃ,
645 2669 824 2702 februarii.
842 2687 883 2692 —
906 2668 1171 2702 Ambaxiatores
1186 2667 1422 2700 Romanorum
1438 2671 1606 2699 venerunt
1621 2664 1813 2698 Bononiam
1829 2666 1875 2699 ad
1890 2666 1974 2699 visi-

87 2726 98 2739 ·
126 2725 270 2757 tandum
295 2724 471 2757 dominum
494 2733 631 2766 papam,
655 2723 746 2755 inter
769 2732 855 2766 quos
878 2722 947 2754 fuit
970 2731 1085 2754 comes
1108 2721 1153 2754 de
1174 2720 1349 2764 Tajacozo
1373 2720 1417 2753 de
1440 2720 1543 2752 domo
1566 2719 1771 2752 Ursinorum
1788 2719 1832 2752 de
1847 2719 1972 2758 Roma,

127 2783 163 2810 et
184 2781 489 2820 praesentaverunt
513 2776 653 2809 domino
677 2785 788 2819 papae
811 2774 1014 2808 banderiam
1037 2778 1072 2808 et
1095 2774 1210 2807 claves
1233 2773 1377 2807 Romae.

11 2028 13 2031 ,
0 1819 10 1994 Λ-’ψΓ--νν-νν-τ-ψμ
0 1787 2 1789 v

218 2903 264 2931 7-9
282 2899 462 2924 Dominus...
471 2916 477 2923 .
496 2896 685 2930 Lambertlni]
708 2896 788 2923 Tute
806 2897 832 2921 Ie
849 2897 945 2922 lettere
961 2904 1022 2921 sono
1039 2896 1205 2930 contrusam
1223 2905 1240 2921 a
1248 2898 1327 2928 posta
1335 2898 1388 2927 per
1400 2894 1547 2927 impedx'rne
1559 2895 1588 2920 Ia
1601 2895 1702 2920 lettera
1713 2894 1758 2919 che
1770 2893 1837 2928 sisa
1851 2901 1868 2918 a
1879 2895 1972 2918 stento.

129 2939 318 2966 L’amausense
336 2940 384 2965 del
399 2939 456 2965 cod.
474 2940 526 2966 812
542 2939 616 2964 della
634 2939 705 2964 Bt'bl.
731 2939 810 2965 Uni-v.
828 2939 860 2963 dn*
873 2938 1000 2971 Bologna
1017 2939 1051 2963 ka
1069 2939 1133 2963 letto
1150 2940 1219 2963 tutto
1237 2941 1331 2963 tram
1349 2937 1627 2971 Bartolomaeam-—
1641 2942 1672 2969 3¹
1687 2938 1810 2969 πίομα-
1829 2936 1858 2960 et
1875 2934 1931 2960 feci

330 3060 362 3084 r.
382 3059 485 3092 an,
504 3067 532 3093 p.
550 3065 573 3084 n
592 3070 625 3077 —
645 3063 670 3091 ⁷·

2046 2368 2066 2383 c.
2081 2362 2125 2384 1⁶⁶
2139 2369 2153 2382 n
