2242 3418
169 175 253 212 [ΑΛ.
271 177 446 211 1415-1417]
479 224 481 232 x
755 171 1074 208 MEMORIALE
1102 171 1424 208 HISTORICUM
1931 170 2001 208 103

255 304 386 337 Eodem
409 313 512 342 anno,
536 303 581 336 de
605 313 719 335 mense
743 302 948 336 novembris.
973 321 1014 326 -
1036 303 1205 336 Dominus
1227 303 1393 335 Nicolaus
1423 303 1577 335 marchio
1600 302 1754 335 Estensis
1778 303 1821 335 de
1845 302 2006 335 Ferraria

167 357 272 402 elegit
294 357 485 400 Johannem
509 356 553 388 de
576 355 794 389 Griffonibus
816 356 860 388 de
882 354 1040 388 Bononia
1062 367 1159 388 suum
1181 356 1470 388 locumtenentem
1493 356 1688 399 generalem
1711 355 1866 388 civitatis
1887 356 2005 400 Regii.

239 403 509 448 ‘M.CCCCXV‚
534 409 577 441 de
599 417 715 441 mense
744 406 870 441 martii.
895 427 935 432 -
959 408 1126 441 Dominus
1141 419 1232 451 papa
1254 409 1454 452 Johannnes
1475 408 1607 447 XXIII,
1625 409 1706 441 dum
1721 414 1808 441 esset
1823 409 1869 441 ad
1885 409 2003 441 conci-

166 463 250 495 lium
273 462 311 494 in
334 461 538 495 Constantia
560 461 598 493 in
620 460 839 500 Alamannia,
863 461 931 494 fuit
954 467 1075 504 captus
1090 466 1124 494 et
1140 462 1298 494 detentus
1313 461 1351 493 111
1365 471 1435 493 330
1455 471 1592 494 8388310
1609 461 1765 504 episcopi
1782 461 2007 494 Constantiae

123 513 142 547 5
166 524 275 558 prope
297 514 535 547 Constantiam
557 524 621 556 per
642 523 747 546 unum
770 513 918 546 milliare
940 519 975 546 et
998 519 1080 546 tunc
1098 524 1221 546 *omnes
1243 513 1488 553 Bononienses‚
1512 514 1573 557 qui
1595 519 1694 547 erant
1717 524 1843 554 secum,
1867 515 2008 548 fuerunt

165 567 336 600 licentiati
360 573 394 599 et
417 572 584 599 venerunt
606 565 797 599 Bononiam
813 571 848 599 et
862 566 937 609 ipse
959 567 1051 599 solus
1073 567 1236 599 remansit
1259 567 1426 599 detentus.

165 674 248 713 tulo,
273 673 316 706 de
338 672 526 712 Malviciis,
543 672 587 705 de
602 670 820 716 BargelliniS‚
838 672 882 704 de
898 671 1024 711 Poetis,
1049 673 1092 704 de
1114 671 1321 705 Lombardis
1343 677 1378 705 et
1401 673 1500 705 multi
1523 673 1585 705 alii
1608 672 1713 712 cives,
1740 680 1872 706 armata
1894 684 2008 713 manu,

164 731 344 759 traxerunt
357 726 404 758 ad
419 726 568 768 plateam
585 725 628 757 de
643 734 743 756 mane
765 724 803 756 in
825 725 954 764 terciis,
978 725 1160 758 clamando
1183 726 1254 758 alta
1277 735 1375 758 voce:
1402 744 1443 748 —
1466 725 1558 758 Viva
1574 726 1596 758 ’l
1617 726 1745 769 povolo
1769 736 1789 759 e
1813 726 1844 759 le
1867 726 1948 760 31111
1966 745 2008 750 —-

105 780 144 812 10
166 785 202 812 81
223 779 430 822 expulerunt
453 777 629 811 dominum
653 777 853 820 episcopum
877 777 1062 810 Senensem
1086 778 1130 810 de
1151 778 1294 821 palatio,
1319 778 1378 821 qui
1401 784 1476 811 erat
1498 778 1710 823 gubernator
1739 779 1919 812 Bononiae
1945 790 2008 822 pro

165 832 333 865 Ecclesia.
379 832 425 864 Et
447 830 680 864 incontinenti
703 831 862 862 fecerunt
885 840 1009 863 novem
1024 830 1193 870 antianos,
1218 841 1362 874 quorum
1387 831 1603 864 dominorum
1626 832 1843 865 antianorum
1867 833 2009 865 nomina

164 891 243 918 sunt
265 885 368 918 haec:
393 884 551 918 dominus
572 883 706 926 Lippus
729 884 773 916 de
797 883 992 916 Ghisileriis
1014 884 1122 922 miles,
1148 883 1306 924 dominus
1328 884 1509 924 Mathaeus
1540 885 1584 917 de
1615 885 1715 918 Gisso
1739 886 1862 918 doctor
1883 886 2008 930 legum,

163 938 345 971 Mathaeus
368 938 412 970 de
435 937 597 971 Canitulo
620 936 788 979 campsor,
810 936 986 980 Johannes
1016 936 1060 968 de
1090 935 1276 969 Madalena
1299 937 1554 970 confalonerius
1582 937 1751 980 justiciae,
1775 938 1942 971 Nicolaus
1966 939 2009 971 de

165 991 366 1034 6083111318,
390 990 506 1023 Guido
530 991 574 1023 de
588 989 790 1033 Mancolino
813 989 977 1029 notarius,
1000 988 1257 1022 Bartolomaeus
1272 988 1412 1022 Fulchi'
1432 990 1599 1030 becarius,
1621 990 1785 1036 Albertus
1808 991 2008 1033 capitaneus

102 1043 139 1076 15
165 1045 208 1076 de
229 1036 468 1082 Montebellio‚
492 1042 696 1075 Baldeserra
726 1042 770 1074 de
800 1042 1054 1085 Trentaquatro
1078 1042 1241 1075 notarius.
1288 1042 1332 1075 Et
1355 1042 1588 1076 incontinenti
1611 1044 1770 1077 fecerunt
1793 1044 1923 1077 cridari
1946 1055 2009 1086 per

162 1106 268 1130 unum
291 1096 507 1130 bannitorem
530 1096 624 1139 quod
647 1104 764 1128 omnes
786 1095 920 1138 expulsi
943 1095 1112 1133 redirent3
1136 1100 1170 1128 et
1193 1095 1243 1127 sic
1259 1095 1437 1128 redierunt
1452 1105 1570 1128 omnes
1586 1097 1629 1129 de
1645 1097 1845 1136 Gozadinis,
1862 1098 1906 1130 de
1922 1097 2008 1130 Gui-

164 1150 271 1183 dottis
293 1155 328 1182 et
350 1149 422 1182 alii.
468 1149 552 1191 [Sed
567 1148 698 1191 primus
713 1148 781 1180 fuit
797 1148 957 1180 dominus
971 1147 1093 1180 Petrus
1109 1148 1152 1180 de
1167 1148 1408 1190 Ramponibus
1423 1149 1612 1181 canonicus
1627 1149 1837 1191 Bononiae.']
1881 1150 2006 1183 Postea

162 1203 250 1235 facti
284 1204 424 1235 fuerunt
457 1213 520 1244 per
554 1201 736 1234 consilium
767 1201 887 1243 populi
919 1210 982 1242 va
1012 1201 1254 1234 reformatores
1284 1206 1392 1234 status
1422 1202 1542 1244 populi
1573 1212 1651 1235 cum
1682 1203 1881 1245 plenissima
1911 1210 2009 1246 pote-

163 1261 252 1288 state·
274 1255 487 1288 reformandi
509 1260 634 1287 statum
657 1260 692 1287 et
715 1254 831 1286 omnia
862 1253 1011 1286 fatiendi
1041 1263 1104 1296 pro
1136 1253 1227 1286 bono
1258 1259 1293 1286 et
1324 1255 1585 1287 conservatione
1616 1261 1736 1293 status3
1762 1256 1823 1299 qui
1846 1266 1909 1297 xvj
1932 1258 2009 1289 fue-

31 1311 37 1313 ’
97 1310 140 1342 20
163 1314 243 1342 runt
266 1308 493 1351 infrascripti,
517 1307 698 1340 videlicet:
731 1306 890 1339 dominus
921 1306 1037 1339 Guido
1069 1307 1113 1339 de
1142 1306 1282 1348 Pepolis
1304 1307 1402 1339 miles
1432 1313 1467 1340 et
1498 1309 1630 1347 doctor,
1656 1308 1815 1341 dominus
1844 1309 2009 1342 Lamber-

163 1362 256 1394 tinus
279 1362 323 1394 de
346 1361 509 1395 Canitulo
531 1360 630 1392 miles
652 1366 687 1393 et
710 1360 842 1398 doctor,
866 1359 1025 1392 dominus
1046 1358 1220 1392 Antonius
1244 1360 1287 1392 de
1309 1360 1524 1404 Bentivoglis
1548 1361 1671 1394 doctor
1700 1362 1825 1405 legum,
1850 1362 2009 1395 dominus

161 1414 312 1458 Jacobus
335 1415 379 1447 de
403 1414 554 1447 Saliceto
579 1413 702 1445 doctor
731 1413 856 1456 legum,
888 1412 1048 1444 dominus
1070 1411 1328 1445 Bartolomaeus
1360 1413 1403 1445 de
1433 1413 1581 1456 Macolis
1611 1414 1721 1453 miles,
1746 1414 1905 1447 dominus
1927 1414 2009 1448 Flo-

163 1468 281 1500 rianus
304 1468 348 1500 de
371 1467 500 1500 Sancto
531 1465 636 1498 Petro
668 1466 791 1498 doctor
820 1465 999 1507 utriusque
1027 1464 1123 1507 juris,
1156 1465 1315 1498 dominus
1345 1465 1519 1498 Romaeus
1543 1467 1587 1499 de
1609 1465 1824 1499 Foscarariis
1845 1468 1944 1500 miles
1974 1474 2009 1500 et

163 1521 295 1560 doctor,
318 1519 492 1552 Antonius
514 1519 558 1551 de
581 1518 775 1560 Guidoctis‚
799 1517 925 1551 Facius
948 1517 992 1550 de
1014 1517 1165 1550 Pacibus
1180 1524 1361 1557 mercator,
1384 1519 1567 1551 Mathaeus
1591 1520 1634 1552 de
1658 1520 1887 1560 Griffonibus,
1911 1521 2010 1553 Brai-

96 1572 138 1606 25
161 1584 286 1618 guerra
310 1573 354 1606 de
377 1571 619 1611 Cazanimicis,
642 1571 826 1604 Mathaeus
857 1571 900 1603 de
930 1570 1203 1603 Mareschalchis
1226 1571 1424 1615 mercarius,
1449 1571 1614 1605 Cambius
1637 1572 1805 1612 bacarius,
1836 1574 2009 1617 Johannes

163 1627 207 1660 de
230 1626 409 1659 Malviciis
431 1630 612 1664 mercator,
635 1623 842 1657 Laurentius
866 1624 910 1656 de
932 1623 1057 1666 Cospis
1079 1629 1261 1663 mercator,
1285 1623 1443 1666 Baptista
1467 1625 1510 1657 de
1533 1625 1650 1658 Poetis
1673 1632 1854 1659 mercator.

250 1679 382 1712 Eodem
405 1687 507 1717 anno,
532 1678 575 1710 de
599 1677 693 1710 dicto
709 1687 824 1709 mense
845 1676 1006 1719 januarii.
1023 1695 1065 1699 —
1080 1677 1222 1709 Domini
1245 1677 1379 1709 antiani
1402 1677 1568 1710 miserunt
1591 1678 1832 1721 infrascriptos
1856 1680 1949 1713 cives
1972 1681 2008 1712 in

161 1731 414 1765 ambaxiatores
436 1731 474 1763 in
497 1730 584 1763 locis
600 1730 834 1772 infrascriptis
849 1730 1029 1762 videlicet:
1048 1730 1225 1762 dominum
1242 1729 1408 1762 Batistam
1432 1731 1476 1763 de
1498 1731 1719 1775 Bentevoglis
1735 1731 1923 1772 Ferariam,
1948 1734 2010 1766 do-

161 1785 292 1818 minum
314 1785 506 1818 Romaeum
523 1784 566 1817 de
583 1783 795 1816 Foscarariis
810 1782 1018 1822 Ariminum,
1043 1783 1220 1815 dominum
1243 1783 1518 1816 Bartolomaeum
1542 1785 1586 1817 de
1609 1785 1758 1828 Macolis
1780 1791 1814 1818 et
1831 1786 2008 1819 dominum

95 1839 138 1871 30
160 1838 301 1871 Petrum
324 1838 368 1871 de
391 1837 539 1880 Scappis
560 1837 783 1877 Florentiam,
807 1836 984 1869 dominum
1007 1836 1224 1869 Gozadinum
1249 1836 1293 1869 de
1316 1837 1505 1870 Gozadinis
1535 1843 1570 1870 et
1592 1838 1817 1871 Franciscum
1849 1839 1893 1872 de
1924 1839 2010 1872 Gui-

163 1891 269 1924 dottis
290 1891 465 1925 Venetias.

250 1944 382 1977 Eodem
405 1954 508 1983 anno,
532 1944 576 1977 de
598 1954 715 1976 mense
735 1943 896 1987 januarii.
920 1961 962 1966 —-
986 1943 1095 1976 Facta
1118 1943 1186 1976 fuit
1215 1954 1285 1986 pax
1315 1943 1407 1977 inter
1438 1944 1602 1977 Galucios
1633 1955 1748 1978 coram
1773 1946 1923 1979 dominis
1945 1956 2007 1978 an-

163 1997 277 2037 tianis‚
302 1997 362 2041 qui
386 1996 525 2039 Galucii
548 1996 721 2029 habebant
743 2007 901 2040 guerram
923 1997 970 2029 ad
993 1996 1154 2029 invicem.

251 2050 382 2083 Eodem
397 2059 489 2082 anno
504 2049 764 2089 MCCCCXVI,
789 2049 847 2082 die
862 2059 944 2091 VI11J
967 2049 1146 2083 februarii.
1165 2069 1206 2073 —
1222 2050 1404 2083 Mathaeus
1428 2052 1471 2084 de
1493 2051 1712 2084 Griffonibus
1726 2052 1904 2085 maritavit
1919 2053 2009 2085 Zan-

97 2102 139 2136 35
165 2113 255 2143 nam,
277 2103 383 2135 filiam
406 2113 512 2142 suam,
535 2102 727 2142 Ludovico,
750 2102 822 2135 filio
846 2102 979 2135 domini
1001 2103 1213 2135 Melchionis
1236 2104 1280 2136 de
1301 2104 1450 2148 Macolis
1473 2104 1595 2136 militis
1611 2104 1841 2138 bononiensis.

7 2186 11 2189 ,
252 2156 383 2189 Eodem
406 2165 508 2195 anno,
526 2156 583 2188 die
598 2166 623 2188 v
638 2156 768 2198 aprilis.
787 2174 828 2178 —
843 2155 1012 2188 Dominus
1027 2154 1186 2189 Bixettus
1203 2157 1246 2189 de
1262 2157 1422 2199 Neapoli,
1439 2157 1713 2201 consanguineus
1730 2159 1862 2190 domini
1886 2169 2008 2201 papae,

0 2216 7 2252 ξ
121 2201 128 2204 ”
165 2204 232 2253 qui⁸
249 2208 465 2242 custodiebat
489 2214 649 2248 castrum,
673 2209 768 2252 quod
790 2214 864 2241 erat
890 2215 971 2242 ante
1002 2215 1137 2251 portam
1169 2210 1342 2242 Galleriae
1373 2210 1410 2241 in
1441 2209 1609 2249 Bononia,
1642 2211 1740 2244 dedit
1770 2205 1909 2244 comuni
1941 2212 2008 2244 Βο-

165 2262 291 2294 1103138
314 2267 467 2294 tenutam
491 2261 579 2294 dicti
602 2262 706 2294 castri
729 2271 792 2304 pro
817 2261 952 2294 ducatis
976 2262 1095 2294 decem
1118 2262 1228 2294 millia
1251 2262 1338 2302 auri,
1362 2273 1448 2306 quos
1470 2263 1591 2295 habuit
1613 2274 1634 2295 a
1658 2264 1796 2296 comuni
1820 2263 2007 2297 Bononiae.

252 2315 384 2347 Eodem
401 2314 468 2347 die.
486 2333 527 2337 —
542 2314 710 2347 Dominus
732 2315 901 2355 Marinus,
924 2315 1033 2347 frater
1056 2315 1189 2348 domini
1213 2326 1334 2358 papae,
1359 2316 1458 2349 dedit
1480 2321 1628 2349 castrum
1654 2315 1756 2350 Centi
1780 2318 1918 2350 comuni
1943 2318 2011 2350 Bo-

99 2370 142 2401 40
166 2368 292 2401 noniae
313 2378 377 2411 pro
401 2368 469 2400 duo
492 2367 603 2400 millia
626 2368 829 2401 ducatorum
851 2368 938 2401 auri.

251 2421 318 2454 Die
341 2431 390 2453 xv
411 2421 499 2465 julii,
523 2421 609 2454 dicti
632 2422 725 2454 anni.
750 2440 792 2445 —
815 2421 922 2455 Venit
946 2433 1071 2455 novum
1094 2423 1272 2455 Bononiae
1305 2424 1398 2466 quod
1424 2423 1554 2467 Bracus
1578 2424 1621 2455 de
1643 2423 1812 2456 Montono
1843 2424 2010 2457 habuerat

165 2474 348 2517 victoriam
372 2480 493 2507 contra
515 2474 700 2507 Perusinos
722 2480 757 2507 et
779 2475 894 2508 factus
916 2475 985 2508 fuit
1008 2476 1167 2508 dominus
1191 2476 1344 2508 civitatis
1367 2476 1501 2508 Perusii
1524 2482 1559 2508 et
1582 2476 1631 2508 818
1655 2476 1724 2509 1311
1747 2477 1884 2510 veritas.

253 2527 385 2560 Eodem
408 2537 510 2566 anno,
536 2527 579 2560 de
602 2537 717 2559 mense
739 2528 875 2572 augusti
898 2527 936 2560 in
959 2529 1036 2561 fine.
1061 2548 1101 2551 —
1127 2529 1225 2561 Obiit
1257 2529 1415 2562 dominus
1445 2529 1624 2561 Melchion
1656 2530 1699 2562 de
1729 2530 1878 2574 Macolis
1900 2530 2008 2569 miles,

166 2580 254 2613 civis
275 2580 464 2620 Bononiae,
488 2591 532 2612 ex
555 2590 623 2624 quo
647 2586 882 2614 remanserunt
904 2586 974 2614 tres
1003 2581 1078 2621 filii,
1111 2581 1275 2614 videlicet
1300 2582 1459 2614 dominus
1481 2582 1738 2615 Bartolomaeus
1759 2582 1869 2622 miles,
1901 2583 2009 2616 Nico-

100 2632 140 2666 45
165 2634 240 2667 laus
262 2638 298 2666 et
319 2633 529 2666 Ludovicus.

247 2685 544 2726 'M.CCCCXVII,
568 2686 626 2720 die
648 2697 716 2729 an
738 2687 863 2720 mensis
883 2687 983 2731 junii.
1016 2707 1057 2711 —
1088 2688 1243 2722 Comune
1266 2687 1443 2720 Bononiae
1474 2688 1568 2726 misit
1597 2693 1716 2732 gentes
1746 2698 1823 2722 suas
1845 2689 1892 2722 ad
1914 2699 2007 2722 8313-

165 2750 247 2783 pum
269 2741 316 2773 ad
339 2739 504 2773 Sanctum
526 2740 718 2784 Johannem
741 2740 778 2772 in
801 2740 987 2774 Persiceto.
1033 2742 1080 2774 Et
1103 2742 1262 2774 dominus
1290 2741 1487 2775 Gozadinus
1511 2742 1555 2774 de
1578 2741 1769 2786 Gocadinis
1791 2746 1826 2775 et
1850 2741 2009 2775 dominus

256 2851 268 2868 1
289 2843 431 2876 Nicolaus]
450 2844 542 2869 scritto
559 2853 589 2869 su
605 2844 736 2870 abrasum
754 2859 788 2864 --
809 2844 887 2875 16-17
907 2846 941 2870 de
968 2845 1180 2871 Gozadinis....
1198 2844 1260 2877 3111]
1284 2853 1351 2877 agg.
1365 2843 1415 2876 pir>
1438 2844 1514 2869 tardi
1531 2858 1563 2862 ——
1586 2849 1616 2875 17
1637 2844 1747 2870 Sed....
1767 2844 1921 2877 Bononiae]
1940 2853 2008 2878 agg.

161 2885 211 2918 pin}
229 2887 305 2912 tardi
319 2887 356 2912 da
374 2888 450 2912 altra
467 2895 543 2912 mano
562 2901 595 2906 —
614 2893 647 2920 33
667 2888 767 2921 quim.
786 2887 918 2920 invicem]
937 2896 1006 2921 agg.
1020 2887 1069 2919 pir}
1087 2888 1164 2913 tardi
1182 2900 1214 2906 —-
1233 2893 1276 2919 42.
1296 2888 1324 2912 et
1341 2888 1381 2913 sic
1399 2886 1455 2911 fuit
1474 2885 1588 2919 veritas]
1607 2895 1676 2920 agg.
1691 2886 1741 2918 plia
1759 2888 1836 2912 tardi
1854 2900 1886 2907 -
1907 2892 1940 2921 47
1959 2887 2007 2920 ad]

167 2932 290 2963 astoer&
309 2936 327 2955 a

252 618 524 659 M.CCCCXVI,
548 619 606 652 die
629 618 815 658 dominica,
839 619 959 662 quinta
981 619 1107 651 mensis
1127 619 1287 662 januarii.
1312 638 1353 643 —-
1370 620 1426 652 Illi
1443 620 1486 653 de
1502 619 1733 664 Bentevoglis,
1757 621 1809 653 illi
1834 621 1878 653 de
1902 619 2008 654 Cani·
2033 632 2035 634 ’

2086 425 2108 440 c.
2123 419 2164 444 176
2180 420 2192 440 b

2084 1002 2161 1026 Mun..
2175 1002 2215 1022 224

2082 1166 2102 1183 c.
2117 1164 2159 1185 177
2173 1166 2187 1180 a

2084 1962 2103 1976 c.
2119 1959 2159 1980 177
2173 1955 2185 1976 b
