2242 3418
47 422 65 436 c,
84 415 122 435 116
140 416 151 435 b

233 167 279 202 68
772 161 1057 198 MATTHAEI
1084 161 1154 196 DE
1184 159 1529 196 GRIFFONIBUS
1779 168 1863 203 [ΛΑ.
1885 171 2072 206 1367-1370]

230 297 442 336 Albanensis,
467 298 574 329 frater
597 295 682 328 dicti
705 295 835 328 domini
857 305 968 338 papae
990 293 1136 333 Urbani,
1159 292 1254 326 venit
1276 291 1467 325 Bononiam
1491 292 1537 325 ad
1561 293 1720 325 standum
1744 297 1919 338 tamquam
1940 294 2071 339 legatus

229 351 444 394 apostolicus,
468 355 532 382 etc.

314 401 617 436 M.CCCLXVIII.
635 420 676 425 —
692 402 859 434 Dominus
874 401 1079 435 Franciscus
1096 401 1139 433 de
1155 398 1301 433 Calbulo
1318 398 1385 431 fuit
1401 401 1551 441 potestas
1564 398 1758 438 Bononiae;
1777 401 1935 434 dominus
1949 400 2072 434 Petrus

227 456 377 489 marchio
402 455 549 488 Sanctae
571 455 703 488 Mariae
727 455 794 488 fuit
816 465 879 496 pro
903 455 1072 487 secundis.

315 509 443 541 Eodem
467 518 568 547 anno,
586 509 642 541 die
657 518 681 540 v
695 507 851 551 januarii.
877 526 918 532 -
933 508 1100 540 Dominus
1122 505 1291 550 Anglicus
1314 505 1500 538 cardinalis
1523 504 1729 539 Albanensis
1751 507 1941 549 publicavit
1956 508 2072 541 literas
2118 506 2136 540 5

227 563 277 594 sui
301 561 483 593 vicariatus
505 561 681 594 Bononiae
704 567 738 594 et
762 561 938 594 Bononiae
962 561 1190 604 bagurdatum
1221 559 1288 591 fuit
1318 563 1353 591 et
1385 559 1516 590 factum
1547 568 1708 602 magnum
1739 560 1876 592 festum.
1922 561 1968 593 Et
1991 566 2069 603 post

227 623 354 656 paucos
377 614 449 646 dies
470 614 533 646 iste
556 614 684 647 amovit
715 615 845 647 datium
868 614 1059 647 baratariae
1091 618 1126 645 et
1158 613 1287 645 datium
1311 611 1492 654 postribuli
1515 616 1551 644 et
1582 612 1719 644 reduxit
1751 613 1880 645 datium
1911 614 1958 645 ad
1988 625 2072 656 qua-

227 672 304 698 tuor
325 666 438 699 soldos
460 676 525 709 pro
548 667 662 705 corbe,
687 668 782 710 quod
806 667 1019 700 vendebatur
1041 667 1088 698 ad
1110 666 1279 698 rationem
1303 675 1341 705 VJ
1365 665 1550 702 soldorum,
1574 669 1608 696 et
1633 665 1763 697 datium
1786 665 2071 705 molendinorum,

227 719 319 762 quod
340 724 414 752 erat
436 721 481 752 ad
504 720 618 752 soldos
639 725 708 752 tres
730 730 794 762 pro
817 720 931 758 corbe,
955 720 1094 752 reduxit
1117 720 1163 751 ad
1187 719 1274 751 duos
1297 718 1422 751 soldos.

312 772 443 805 Eodem
467 782 568 805 anno.
593 791 634 796 —
657 773 823 805 Dominus
845 772 1058 816 Andruynus
1089 771 1276 804 cardinalis
1302 770 1550 810 cluniacensis,
1575 771 1634 814 qui
1657 772 1725 804 fuit
1747 771 1804 804 hic
1829 772 1961 816 legatus
1988 782 2073 815 apo-
2100 774 2139 805 10

225 824 363 857 stolicus
385 830 420 858 et
441 826 589 858 vicarius
611 826 798 865 Bononiae,
822 826 963 858 recessit
979 826 1023 858 de
1039 825 1180 858 civitate
1203 825 1397 861 Bonionae;
1421 829 1457 856 et
1480 824 1537 856 die
1553 824 1712 857 mercurii
1735 826 1891 868 sequenti
1916 825 2074 858 dominus

225 875 391 920 Anglicus
414 877 597 911 cardinalis
615 878 823 911 Albanensis
845 878 988 911 intravit
1010 878 1175 921 palatium
1200 877 1355 910 comunis
1378 876 1555 909 Bononiae
1578 883 1614 910 et
1636 878 1767 910 factum
1791 878 1858 910 fuit
1880 878 2073 917 consilium,

225 930 260 961 in
283 940 350 972 quo
374 931 516 963 consilio
538 931 733 974 publicatae
756 933 896 964 fuerunt
919 931 1039 964 literae
1063 942 1143 964 suae
1166 931 1361 975 legationis.

312 983 443 1016 Eodem
465 993 567 1023 anno,
592 985 647 1017 die
663 995 721 1026 111J
736 985 864 1027 aprilis.
882 1004 924 1008 —-
941 983 1092 1028 Jacobus
1107 985 1252 1018 Rubeus
1267 984 1422 1017 Mathaei
1439 984 1482 1016 de
1498 983 1715 1022 Blanchittis‚
1732 985 1886 1017 notarius
1901 985 1947 1017 ad
1963 995 2073 1017 came·

224 1047 295 1068 ram
318 1042 482 1076 actorum,
505 1038 569 1070 ivit
591 1038 739 1072 Romam
762 1039 799 1071 in
823 1038 960 1072 servitio
984 1038 1120 1071 comitis
1142 1038 1294 1071 Bandini
1319 1038 1362 1071 de
1393 1037 1552 1071 Romena
1574 1043 1609 1070 et
1639 1038 1734 1070 stetit
1763 1048 1872 1081 usque
1901 1038 1948 1071 ad
1978 1047 2073 1070 men·
2101 1036 2138 1070 15

224 1099 293 1121 sem
316 1088 401 1132 julii.

311 1142 442 1175 Eodem
465 1153 566 1184 anno,
591 1145 635 1178 de
657 1154 772 1178 mense
793 1144 879 1188 julii.
915 1164 957 1169 —-
992 1145 1071 1179 Rex
1094 1145 1190 1188 Cipri
1222 1145 1318 1177 venit
1348 1144 1394 1176 ad
1425 1144 1600 1177 civitatem
1630 1143 1809 1177 Bononiae
1838 1155 1902 1187 per
1931 1144 2071 1177 modum

224 1195 392 1229 transitus.

312 1248 442 1281 Eodem
465 1261 567 1290 anno,
591 1252 648 1284 die
670 1252 823 1285 secundo
847 1252 1007 1285 octobris.
1032 1271 1074 1275 —-
1098 1251 1195 1286 Obiit
1219 1252 1377 1285 dominus
1399 1251 1601 1295 Balduynus
1625 1251 1669 1284 de
1692 1251 1882 1290 Baldoinis,
1906 1251 2014 1285 miles.

311 1300 634 1338 M.CCCLXVIIII.
659 1324 701 1329 —
723 1305 892 1339 Dominus
915 1305 1078 1339 Stefanus
1110 1306 1153 1338 de
1183 1305 1393 1338 Miramonte
1424 1305 1492 1338 fuit
1522 1308 1673 1347 potestas
1695 1305 1890 1343 Bononiae3
1915 1305 2074 1337 dominus
2097 1305 2140 1337 20

223 1352 417 1398 Baluganus
440 1357 484 1390 de
506 1357 594 1391 Exio
616 1359 719 1392 etiam
742 1363 776 1391 et
800 1359 958 1392 dominus
981 1369 1095 1392 comes
1120 1358 1288 1391 Charolus
1311 1359 1354 1391 de
1377 1358 1550 1391 Batifone.

310 1406 441 1441 Eodem
464 1420 567 1450 anno,
593 1412 650 1444 die
672 1421 711 1453 Χ]
733 1411 911 1445 februarii.
936 1431 978 1436 —
1001 1412 1155 1445 Firmata
1177 1418 1212 1445 et
1235 1411 1412 1454 publicata
1435 1412 1503 1444 fuit
1525 1422 1594 1454 pax
1615 1411 1707 1443 inter
1722 1411 1914 1444 Ecclesiam
1938 1416 1972 1444 et
1995 1421 2074 1444 suos

222 1458 400 1503 colligatos
421 1472 465 1495 ex
486 1474 555 1497 una
577 1469 677 1507 parte
699 1469 734 1498 et
758 1466 935 1498 dominum
958 1465 1195 1498 Bemabovem
1228 1466 1271 1498 de
1301 1464 1504 1497 Mediolano
1534 1469 1569 1496 et
1600 1465 1756 1497 dominos
1787 1465 1832 1497 de
1861 1464 2002 1497 Verona
2031 1475 2074 1496 ex

222 1512 340 1551 altera,
362 1519 398 1547 et
420 1516 516 1549 facta
538 1518 679 1550 fuerunt
701 1518 879 1551 Bononiae
901 1529 1028 1563 magna
1051 1518 1227 1551 hastilidia
1242 1523 1277 1551 et
1300 1518 1448 1551 maxima
1471 1517 1608 1561 gaudia.

309 1565 440 1600 Eodem
463 1578 565 1603 anno.
589 1589 631 1594 —-
653 1571 821 1604 Dominus
844 1571 1031 1604 cardinalis
1052 1570 1260 1604 Albanensis
1290 1571 1488 1614 praedictus
1517 1571 1580 1603 ivit
1610 1571 1758 1604 Romam
1789 1572 1835 1604 ad
1865 1571 2073 1604 visitandum
2096 1568 2138 1602 25

224 1617 397 1652 dominum
419 1632 545 1665 papam
568 1623 759 1664 Urbanum,
783 1626 927 1658 fratrem
950 1636 1058 1664 suum,
1075 1630 1110 1658 et
1132 1625 1205 1668 ejus
1228 1625 1305 1658 loco
1329 1625 1492 1657 remansit
1507 1624 1544 1656 in
1559 1624 1717 1657 Bononia
1739 1635 1803 1667 pro
1819 1624 1949 1658 vicario
1966 1624 2075 1658 domi-

223 1678 286 1703 nus
307 1673 487 1717 episcopus
509 1676 640 1710 Montis
662 1676 801 1711 Albani.
1505 1686 1510 1691 ”

312 1725 445 1759 Eodem
467 1739 570 1769 anno,
595 1730 652 1763 die
675 1740 714 1772 xJ
734 1731 820 1774 julii.
846 1750 888 1755 —
911 1731 1018 1765 Venit
1041 1731 1232 1765 Bononiam
1255 1741 1342 1764 uxor
1370 1730 1500 1763 domini
1530 1730 1747 1773 imperatoris
1769 1735 1804 1763 et
1827 1730 2006 1764 descendit
2027 1730 2075 1763 ad

223 1775 389 1810 Sanctum
412 1780 630 1815 Dominicum
646 1788 681 1816 et
698 1784 796 1817 duxit
817 1794 933 1817 secum
956 1784 1081 1817 multas
1105 1783 1237 1817 nobiles
1253 1784 1420 1817 dominas.

309 1830 375 1864 Die
390 1843 471 1867 vero
487 1834 597 1868 sabati
621 1838 787 1880 sequenti,
804 1848 892 1881 quae
907 1838 975 1870 fuit
991 1848 1075 1879 xr11J
1091 1837 1176 1870 dicti
1193 1837 1318 1870 mensis
1332 1836 1418 1880 julii.
1436 1855 1478 1859 —
1493 1836 1601 1869 Venit
1623 1837 1816 1870 Bononiam
1833 1837 1994 1870 dominus
2009 1837 2073 1869 im·
2096 1837 2140 1869 30

222 1888 361 1924 perator
375 1891 410 1918 et
426 1887 604 1922 descendit
619 1890 666 1923 ad
682 1889 848 1923 Sanctum
862 1891 1083 1924 Dominicum
1106 1895 1141 1923 et
1163 1890 1213 1924 ibi
1236 1891 1330 1923 stetit
1353 1890 1510 1934 sequenti
1534 1890 1590 1922 die
1613 1890 1797 1923 dominica.
1845 1891 1892 1923 Et
1916 1889 2075 1923 dominus

223 1937 375 1970 marchio
398 1939 576 1974 Ferrariae
591 1947 627 1975 et
643 1943 802 1976 dominus
816 1943 990 1977 Feltrinus
1014 1944 1058 1976 de
1082 1944 1251 1988 Goncaga
1273 1949 1308 1976 et
1331 1943 1488 1975 dominus
1504 1942 1689 1976 Malatesta
1705 1944 1749 1976 de
1764 1943 1958 1976 Malatestis
1971 1952 2074 1975 vene-

223 1994 302 2021 runt
323 1990 524 2027 Bononiam.
570 1994 616 2028 Et
638 1995 696 2028 die
718 1995 820 2028 lunae
843 1997 1000 2039 sequenti
1022 1997 1134 2039 ipsum
1157 1997 1369 2030 sotiaverunt
1391 2005 1500 2039 usque
1523 1996 1710 2029 Ferariam.
1756 1996 1854 2029 Uxor
1876 2000 1991 2028 autem
2014 2005 2076 2028 sua

223 2039 285 2072 ivit
306 2042 352 2074 ad
367 2049 503 2085 portum
518 2045 731 2090 Macagnani
752 2058 858 2091 eques
880 2054 915 2081 et
937 2052 1058 2090 postea
1080 2059 1160 2081 cum
1182 2049 1252 2081 suis
1275 2047 1426 2080 sotiabus
1441 2046 1596 2080 intravit'
1612 2048 1726 2080 navim
1742 2053 1777 2080 et
1792 2049 1856 2081 ivit
1870 2048 2074 2081 Ferrariam.

311 2095 443 2128 Eodem
455 2107 546 2131 anno
558 2099 870 2134 MCCCLXVIIII.
884 2118 926 2124 —
940 2101 1106 2144 Incoepta
1119 2106 1153 2134 et
1166 2102 1262 2134 facta
1274 2100 1343 2133 fuit
1355 2100 1503 2133 ecclesia
1514 2101 1660 2134 fratrum
1676 2101 1947 2134 Coelestinorum
1961 2101 2076 2134 Bono·
2097 2098 2140 2133 35

223 2146 302 2179 niae
323 2154 403 2181 ante
419 2149 539 2184 domos
561 2152 605 2184 de
629 2152 795 2193 Galuciis,
820 2164 924 2197 quam
947 2154 1022 2187 fieri
1046 2154 1134 2187 fecit
1157 2154 1317 2187 dominus
1340 2153 1516 2187 Antonius
1538 2153 1637 2186 miles
1660 2154 1704 2186 de
1729 2154 1897 2187 Galuciis.

311 2201 442 2234 Eodem
465 2214 567 2244 anno,
592 2205 636 2238 de
658 2215 775 2239 mense
789 2207 946 2250 augusti.
963 2226 1006 2231 —
1021 2207 1133 2241 Natus
1148 2208 1218 2240 fuit
1232 2207 1419 2251 johannes,
1435 2206 1527 2240 filius
1543 2207 1676 2240 domini
1692 2207 1838 2240 Henrici
1855 2207 1898 2240 de
1913 2206 2074 2246 Torellis,

225 2262 270 2285 ex
293 2254 433 2288 domina
454 2255 580 2300 Lippa,
604 2258 676 2291 filia
698 2259 798 2292 Tixii
822 2260 867 2292 de
889 2260 1051 2300 Castello,
1075 2260 1148 2304 ejus
1170 2270 1287 2293 uxore.

310 2306 567 2344 M.CCCLXX.
599 2329 641 2334 --
673 2310 798 2345 Comes
828 2312 998 2346 Charolus
1029 2314 1074 2346 de
1103 2314 1256 2347 Batifole
1286 2319 1321 2346 et
1345 2314 1505 2346 dominus
1535 2313 1662 2347 Paulus
1693 2314 1737 2346 de
1760 2313 1911 2346 Staffulo
1935 2314 2076 2346 fuerunt

222 2364 408 2402 potestates
428 2362 616 2397 Bononiae.
2099 2367 2142 2398 40

312 2413 442 2447 Eodem
473 2426 575 2449 anno.
611 2435 654 2441 —
686 2417 856 2452 Dominus
885 2419 1062 2453 Bernabos
1085 2420 1292 2453 Vicecomes
1321 2420 1409 2453 fecit
1442 2430 1546 2453 unam
1580 2430 1739 2465 magnam
1775 2429 2003 2465 compagnam
2037 2419 2075 2451 in

223 2465 352 2498 Tuscia
367 2473 489 2500 contra
503 2468 732 2504 Florentinos.
778 2472 826 2505 Et
840 2477 925 2505 tunc
939 2478 1060 2517 gentes
1075 2472 1355 2506 Florentinorum
1372 2479 1470 2506 erant
1485 2473 1532 2506 ad
1547 2483 1708 2518 campum
1723 2473 1770 2506 ad
1785 2479 1935 2506 castrum
1952 2472 2074 2506 Sancti

224 2518 364 2552 Miniati
387 2525 421 2553 et
444 2521 510 2554 hoc
541 2531 610 2555 non
641 2523 808 2564 obstante,
839 2535 1033 2569 compagna
1055 2527 1236 2569 praedicta
1259 2526 1401 2559 fulcivit
1430 2526 1563 2559 dictum
1587 2532 1749 2566 castrum,
1772 2526 1893 2559 invitis
1915 2525 2076 2569 gentibus

225 2570 512 2607 Florentinorum.
559 2576 664 2609 Unde
687 2583 808 2621 gentes
830 2578 1002 2611 dictorum
1026 2577 1306 2612 Florentinorum
1330 2585 1545 2612 recesserunt
1560 2584 1595 2612 et
1610 2579 1816 2611 dimiserunt
1845 2578 1896 2611 ibi
1920 2578 2073 2611 bastitas.

224 2623 269 2656 Et
292 2624 387 2658 dicta
409 2636 601 2672 compagna
623 2628 697 2662 ibat
719 2641 783 2673 per
804 2631 1005 2664 comitatum
1027 2631 1247 2665 florentinum
1262 2632 1420 2665 fatiendo
1435 2633 1587 2664 maxima
1610 2633 1736 2664 damna
1758 2637 1793 2664 et
1808 2631 1982 2663 incendia.
2029 2631 2075 2663 Et
2098 2629 2140 2662 45

225 2676 319 2709 dicto
342 2683 494 2721 tempore
525 2686 644 2724 gentes
675 2681 964 2724 Florentinorum,
997 2695 1085 2728 quae
1116 2690 1215 2718 erant
1244 2685 1391 2724 basfitis,
1423 2685 1466 2717 de
1498 2685 1675 2718 voluntate
1705 2684 1954 2729 terrigenarum
1986 2683 2074 2716 dicti

225 2730 339 2769 castri,
363 2731 577 2766 intraverunt
600 2733 732 2768 dictum
756 2741 905 2770 castrum
928 2737 972 2770 de
995 2743 1107 2771 nocte.
1131 2738 1177 2770 Et
1200 2738 1283 2781 quia
1305 2738 1438 2771 dictum
1461 2743 1610 2771 castrum
1637 2737 1787 2770 habebat
1810 2737 1960 2776 rocham,
1985 2746 2074 2780 quae

313 2872 345 2898 19
362 2867 473 2892 Notiaeia
490 2870 626 2902 aggiunta
636 2868 688 2902 pi&
705 2871 783 2897 tardi
799 2884 832 2890 —
851 2878 884 2905 33
902 2871 962 2905 sua]
982 2875 1089 2906 autogr.
1108 2879 1188 2898 suam
1202 2887 1234 2893 -
1247 2877 1281 2906 37
1301 2871 1408 2905 mense]
1427 2882 1508 2907 segue
1526 2874 1589 2899 iulii
1607 2875 1754 2900 cancellato
1768 2888 1801 2893 —-
1815 2872 1849 2906 46
1862 2873 1973 2907 gentes]
1991 2881 2071 2906 segue

223 2907 312 2933 dictae
330 2915 503 2942 compagnias
521 2912 666 2937 cancellato
