2196 3424
26 684 102 707 Mun„
118 683 155 703 1⁶2

65 1114 85 1130 c.
100 1108 155 1133 oab

37 2760 112 2785 Mun„
128 2761 165 2781 1⁶3

230 170 277 208 52
338 165 341 171 ’
771 169 1055 205 ΜΛΤΤΗΑΕΙ
1085 169 1155 205 DE
1185 168 1533 205 GRIFFONIBUS
1799 177 2080 216 [AA.1337-1³as]

229 302 459 342 bononiensis,
483 313 551 335 una
574 313 652 334 cum
677 302 756 335 filiis
779 302 849 334 suis
878 307 913 334 et
944 312 1022 335 cum
1046 301 1283 344 stipendiariis
1307 302 1464 335 comunis
1488 302 1678 343 Bononiae,
1702 303 1838 338 iverunt
1861 306 1907 339 ad
1930 306 2078 349 plateam

229 356 384 388 comunis
406 355 583 388 Bononiae
607 355 793 388 cridando:
813 374 853 378 —-
870 355 978 388 Vivat
995 355 1155 388 dominus
1171 355 1353 388 Tadaeusl
1371 373 1412 378 ——-
1430 361 1464 388 et
1486 355 1597 399 aliqui
1620 356 1681 388 alii
1705 357 1888 391 existentes
1911 359 1948 392 in
1964 361 2079 402 platea

229 408 439 441 clamabant:
465 427 506 431 —
523 408 655 441 Vivant
680 408 830 441 antianil
849 428 889 432 —
907 414 942 441 et
965 408 1075 452 aliqui
1091 427 1132 431 —
1150 408 1258 440 Vivat
1274 408 1439 451 populus!
1458 428 1499 432 —-
1512 409 1558 442 Et
1574 419 1692 442 omnes
1707 410 1758 443 sic
1775 411 1931 445 dicentes
1945 413 2079 456 expulsi

229 462 368 494 fuerunt
392 462 434 493 de
458 461 572 503 platea
594 467 629 493 et
652 461 812 494 similiter
834 461 1015 494 barisellus
1031 460 1098 493 fuit
1122 461 1283 503 expulsus
1307 462 1350 493 de
1366 461 1491 504 platea.
1538 462 1659 505 Itaque
1682 465 1876 497 comuniter
1887 471 1920 498 et
1936 476 2081 499 concor-

230 514 320 546 diter
335 523 450 546 omnes
467 514 665 546 cridabant:
684 533 724 537 -—
741 514 848 547 Vivat
872 515 1033 547 dominus
1056 515 1220 546 Tadaeus
1237 514 1280 546 de
1297 514 1456 557 Pepolis!
1474 534 1514 538 —
1529 515 1575 548 Et
1592 515 1659 548 fuit
1677 516 1836 550 dominus
1851 518 2012 552 Tadaeus
2028 520 2081 551 in-
2127 518 2145 551 5

229 567 407 599 troductus
437 567 474 598 in
506 566 673 609 palatium
697 568 915 600 antianorum
946 572 981 599 et
1004 567 1118 600 subito
1150 566 1330 600 bannitum
1354 572 1389 600 et
1412 568 1662 610 proclamatum
1687 569 1755 602 fuit
1777 580 1841 612 per
1862 576 1968 604 totam
1993 572 2081 605 civi-

228 625 332 652 tatem
355 619 544 659 Bononiae,
576 631 619 652 ex
642 625 740 662 parte
763 620 895 652 domini
924 620 1058 652 Tadaei
1084 621 1127 652 de
1154 620 1295 662 Pepolis
1318 620 1493 662 capitanei
1520 621 1692 665 generalis
1715 622 1869 656 civitatis
1891 623 2080 664 Bononiae,

234 673 326 715 quod
350 672 475 705 nullus'
492 673 683 705 committat
706 673 857 716 aliquam
881 673 1053 705 robariam
1077 679 1111 705 et
1134 673 1162 705 si
1186 673 1313 716 aliquis
1336 679 1424 706 esset
1448 674 1687 707 damnificatus
1710 675 1764 707 vel
1789 676 1927 710 robatus
1952 678 1995 710 de
2017 679 2082 711 ali-

232 735 310 768 quo,
342 727 435 769 quod
467 726 540 768 ipse
573 726 731 759 dominus
762 726 923 759 Tadaeus
947 726 1083 759 volebat
1111 727 1296 759 emendare
1319 732 1353 759 et
1378 727 1580 759 satisfacere
1604 728 1648 760 de
1671 738 1733 761 suo
1756 730 1909 772 proprio.
1954 731 2001 764 Et
2024 731 2082 764 die

228 779 383 822 sequenti
407 780 538 811 factum
562 780 630 811 fuit
654 779 836 812 consilium
860 779 980 822 populi
1004 784 1039 811 et
1062 779 1098 811 in
1132 779 1228 812 dicto
1260 779 1407 812 consilio
1439 779 1514 823 ipse
1546 780 1706 814 dominus
1728 781 1890 815 Tadaeus
1921 784 1990 817 fuit
2020 795 2083 828 per
2110 785 2148 818 10

227 831 391 875 populum
407 832 585 865 Bononiae
601 832 812 864 unanimiter
827 837 861 864 et
877 832 1099 864 concorditer
1122 832 1352 865 confirmatus.
1399 833 1446 865 Et
1470 844 1550 866 vere
1566 833 1641 876 ipse
1657 834 1744 867 bene
1768 836 1972 876 merebatur,
1989 838 2082 881 quia,

230 885 341 918 donec
364 885 438 927 ipse
461 885 559 924 vixit,
584 885 657 927 ipse
680 885 791 917 tenuit
814 885 1007 918 Bononiam
1031 896 1166 928 semper
1188 885 1225 917 in
1256 896 1343 928 pace
1375 891 1409 918 et
1439 886 1596 919 ubertate
1622 892 1657 920 et
1680 888 1748 920 fuit
1776 889 1902 932 justior
1924 891 2084 923 dominus

229 938 288 982 qui
312 948 473 980 umquam
496 943 651 980 repertus
674 937 742 970 fuit
765 937 803 970 in
818 938 964 976 mundo3
982 943 1016 970 et
1031 938 1082 970 sic
1107 938 1302 971 comuniter
1324 944 1501 982 reputatus
1516 940 1586 972 fuit
1601 950 1671 973 non
1687 941 1797 974 solum
1812 941 1857 974 ab
1872 942 2006 982 amicis,
2022 944 2083 976 sed

228 991 332 1024 etiam
355 990 399 1023 ab
423 990 575 1023 inimicis
598 996 633 1023 et
656 991 841 1023 contrariis
868 991 948 1024 suis.

318 1098 450 1131 Eodem
473 1107 576 1137 anno,
601 1098 645 1130 de
667 1108 783 1131 mense
806 1098 1019 1141 septembris.
1052 1117 1093 1122 —
1125 1099 1250 1131 Dictus
1281 1100 1441 1132 dominus
1471 1100 1634 1134 Tadaeus
1667 1102 1711 1134 de
1741 1102 1891 1145 Pepolis,
1924 1103 2084 1137 dominus
2110 1104 2148 1136 15

228 1151 415 1191 Bononiae,
438 1151 615 1184 ordinavit
639 1153 732 1195 quod
756 1152 854 1196 quasi
878 1162 995 1185 omnes
1018 1152 1239 1195 stipendiarii
1264 1159 1432 1186 venerunt
1463 1155 1509 1187 ad
1540 1147 1707 1187 standum*
1723 1166 1832 1198 prope
1862 1157 2023 1198 plateam,
2046 1163 2084 1190 ut

230 1205 297 1247 ipsi
321 1210 432 1237 essent
454 1206 549 1248 apud
579 1205 692 1248 ipsum
723 1205 760 1237 in
791 1216 926 1238 omnem
957 1211 1128 1239 eventum.
1175 1207 1220 1239 Et
1255 1207 1341 1239 fecit
1376 1207 1506 1240 destrui
1541 1208 1707 1247 becarias,
1743 1219 1831 1252 quae
1861 1215 1960 1242 erant
1987 1210 2085 1254 juxta

229 1258 395 1301 palatium
418 1269 527 1298 suum,
552 1264 586 1291 et
609 1259 696 1291 fecit
718 1258 770 1292 ibi
793 1259 949 1302 incipere
972 1269 1078 1292 unum
1102 1270 1236 1292 murum
1267 1260 1311 1293 ab
1334 1266 1480 1304 utroque
1503 1261 1620 1294 latere.
1667 1262 1714 1294 Et
1737 1262 1800 1294 filii
1832 1262 1919 1296 dicti
1952 1263 2084 1296 domini

229 1311 363 1344 Tadaei
393 1311 582 1344 induerunt
613 1323 729 1345 secum
759 1313 885 1345 multos
907 1312 1042 1345 nobiles
1074 1312 1168 1345 cives
1199 1314 1378 1346 Bononiae
1410 1314 1542 1346 duabus
1574 1314 1710 1347 vicibus
1741 1325 1804 1358 pro
1836 1315 1941 1348 sociis
1972 1315 2085 1349 dicto-

230 1375 305 1397 rum
321 1364 469 1397 filiorum
485 1371 519 1397 et
542 1366 667 1398 multos
689 1365 787 1405 alios,
811 1366 916 1398 etiam
932 1366 1002 1398 suis
1017 1367 1188 1409 expensis,
1204 1372 1347 1410 propter
1362 1367 1529 1411 gaudium
1546 1372 1580 1399 et
1596 1367 1633 1399 in
1657 1368 1822 1400 honorem
1847 1368 1935 1401 dicti
1952 1369 2084 1402 domini
2107 1371 2151 1401 20

231 1423 265 1451 et
280 1428 387 1457 suum,
410 1428 474 1461 pro
498 1418 691 1452 domicellis
714 1429 842 1452 eorum.

320 1472 453 1505 Eodem
476 1481 579 1512 anno,
604 1473 647 1505 de
670 1482 786 1505 mense
809 1474 972 1507 octobris.
998 1493 1039 1497 —
1063 1474 1284 1507 Publicatum
1309 1474 1376 1507 fuit
1399 1475 1445 1507 ad
1475 1475 1715 1519 arengheriam
1739 1475 1895 1508 comunis
1917 1481 1952 1508 et
1974 1475 2086 1508 lectae

233 1526 373 1558 fuerunt
395 1525 517 1558 literae
541 1526 636 1569 quod
659 1526 783 1558 civitas
805 1527 956 1566 Brixiae,
981 1538 1084 1571 quam
1108 1527 1271 1560 tenebant
1296 1527 1428 1560 domini
1452 1528 1495 1560 de
1519 1528 1553 1560 la
1578 1528 1716 1568 Schala,
1734 1534 1837 1571 capta
1853 1528 1922 1561 fuit
1945 1539 2008 1572 per
2023 1529 2085 1562 do-

233 1578 342 1611 minos
358 1578 592 1611 Vicecomites
616 1579 660 1611 de
682 1579 896 1613 Mediolano.

321 1631 453 1664 Eodem
477 1641 580 1671 anno,
605 1632 649 1665 de
671 1643 787 1665 mense
812 1633 1014 1667 decembris.
1039 1653 1081 1657 —
1105 1634 1290 1678 johannes,
1315 1635 1406 1667 filius
1429 1635 1517 1667 dicti
1543 1634 1675 1668 domini
1701 1635 1836 1668 Tadaei
1869 1636 1913 1668 de
1935 1634 2084 1678 Pepolis,
2108 1634 2150 1667 25

233 1684 298 1717 ivit
322 1684 515 1718 Ferrariam
538 1686 585 1718 ad
607 1686 804 1719 sotiandum
828 1687 1045 1720 marchiones
1068 1687 1244 1727 Venetiae,
1270 1688 1329 1732 qui
1354 1688 1492 1721 iverunt
1515 1689 1561 1721 ad
1584 1688 1847 1731 parlamentum,
1873 1689 1967 1732 quod
1983 1687 2086 1721 fiebat

233 1738 401 1777 Venetiis,
417 1738 454 1771 in
479 1748 547 1782 quo
570 1738 785 1772 tractabatur
808 1740 851 1772 de
874 1740 946 1784 liga
969 1746 1004 1773 et
1028 1741 1071 1774 de
1095 1741 1199 1774 factis
1222 1741 1313 1774 inter
1335 1741 1549 1774 Venetianos
1565 1747 1599 1774 et
1623 1741 1783 1774 dominos
1799 1742 1842 1774 de
1858 1742 1892 1774 la
1909 1741 2028 1780 Scala3
2051 1746 2086 1774 et

234 1791 432 1834 praedictus
453 1791 629 1836 Johannes
653 1793 697 1825 de
719 1792 859 1835 Pepolis
882 1793 947 1826 ivit
970 1794 1113 1827 multum
1137 1794 1225 1827 bene
1250 1794 1403 1828 sotiatus.

321 1845 374 1878 De
398 1845 493 1878 dicto
516 1854 642 1878 mense.
667 1864 709 1869 —
732 1845 886 1879 Thomas
908 1847 1109 1880 Cavallinus
1132 1847 1291 1880 becarius
1315 1848 1428 1881 factus
1452 1848 1520 1881 fuit
1543 1852 1770 1892 persequutor
1800 1848 2021 1881 bannitorum
2053 1853 2087 1881 et

234 1898 337 1932 habet
359 1898 513 1938 offitium,
537 1899 631 1942 quod
662 1898 793 1932 solebat
816 1899 944 1932 habere
967 1899 1158 1933 barisellus.
1206 1900 1276 1934 Sed
1301 1901 1458 1934 dominus
1482 1902 1592 1934 voluit
1623 1902 1718 1945 quod
1744 1907 1933 1934 mutaretur
1962 1912 2087 1934 nomen
2110 1902 2153 1934 30

234 1951 329 1984 dicto
352 1951 458 1984 offitio
484 1956 530 1991 et,
553 1951 631 1984 loco
655 1951 819 1992 bariselli,
851 1947 1034 1986 vocaretur
1055 1959 1255 1996 persecutor
1277 1953 1529 1993 bannitorum3'
1553 1960 1587 1987 et
1611 1954 1743 1987 dictum
1766 1954 1908 1987 offitium
1932 1954 2088 1997 incipere

236 2004 338 2037 debet
360 2004 397 2036 in
420 2004 594 2038 kallendis
617 2005 744 2037 mensis
764 2006 940 2049 jannuarii
963 2007 1119 2048 proxime
1143 2006 1279 2039 venturi
1303 2013 1337 2039 et
1362 2008 1486 2040 durare
1508 2008 1619 2050 spatio
1643 2018 1701 2039 sex
1724 2007 1903 2040 mensium.

321 2057 375 2090 De
398 2057 494 2091 dicto
524 2058 629 2091 etiam
659 2067 785 2091 mense.
811 2077 853 2082 ——-
877 2059 1004 2091 Factus
1030 2060 1098 2092 fuit
1122 2065 1279 2092 corector
1302 2060 1525 2092 Notariorum
1549 2060 1699 2104 Jacobus
1722 2061 1765 2093 de
1788 2059 1968 2104 Argellata
1989 2066 2088 2093 nota-

235 2111 316 2151 rius,
330 2111 409 2144 loco
419 2135 422 2138 <
432 2111 667 2154 praeconsulis
689 2111 924 2151 Notariorum,
942 2113 1023 2156 quia
1039 2113 1198 2145 dominus
1213 2113 1376 2146 Tadaeus
1391 2114 1537 2146 mutavit
1553 2124 1678 2146 nomen
1696 2114 1791 2147 dicto
1807 2114 1919 2147 officio
1935 2119 1970 2146 et
1985 2123 2088 2146 voca-

235 2164 336 2197 batur
350 2175 413 2207 per
428 2175 546 2197 omnes
567 2165 769 2207 preconsu13
793 2171 937 2198 vocetur
959 2171 1118 2198 corector
1132 2172 1166 2199 et
1184 2167 1283 2199 duret
1300 2166 1433 2199 duobus
1449 2167 1633 2206 mensibus,
1656 2167 1716 2200 ubi
1732 2167 1844 2209 primo
1868 2166 2014 2200 durabat
2029 2177 2088 2199 sex
2111 2165 2152 2198 35

235 2218 417 2251 mensibus.
463 2218 560 2257 Item,
583 2218 642 2251 ubi
665 2218 821 2252 solebant
843 2229 916 2251 esse
938 2225 1018 2252 octo
1042 2220 1200 2252 consules
1223 2220 1257 2252 in
1281 2220 1446 2253 societate
1470 2221 1703 2260 Notariorum,
1728 2220 1904 2253 ordinavit
1927 2220 2022 2264 quod
2045 2220 2089 2253 de

235 2276 350 2304 cetero
374 2281 443 2304 non
466 2271 588 2304 fierent
610 2271 679 2304 nisi
703 2277 852 2315 quatuor
874 2273 1042 2312 consules,
1066 2273 1202 2305 scilicet
1225 2283 1312 2306 unus
1334 2283 1398 2316 pro
1423 2274 1607 2317 quarterio.

325 2325 458 2358 Eodem
481 2334 583 2363 anno,
608 2325 664 2357 die
686 2326 840 2358 secundo
864 2326 1070 2359 novembris.
1095 2345 1137 2349 -
1160 2326 1284 2359 Dictus
1308 2327 1467 2359 dominus
1489 2327 1652 2360 Tadaeus
1675 2328 1719 2360 de
1741 2327 1882 2369 Pepolis
1904 2326 1998 2359 misit
2020 2332 2089 2359 tres

237 2378 403 2411 solemnes
425 2377 677 2411 ambaxiatores
698 2378 864 2411 Venetias
886 2384 921 2411 et
944 2379 1109 2418 Paduam,
1134 2379 1313 2412 videlicet:
1339 2380 1515 2412 dominum
1539 2380 1730 2423 Johannem
1754 2379 1916 2413 Andreae
1932 2380 2090 2413 famosis-

236 2431 356 2464 simum
381 2432 568 2469 doctorem,
593 2431 769 2464 dominum
792 2432 973 2465 Ferrinum
1005 2433 1049 2466 de
1073 2432 1229 2466 Galuciis
1259 2438 1293 2465 et
1316 2433 1476 2466 Nannem
1501 2434 1664 2466 Guelfum
1690 2434 1734 2466 de
1765 2433 1997 2471 Griffonibus3
2029 2433 2089 2476 qui
2113 2434 2155 2465 40

237 2484 485 2517 ambaxiatores
516 2484 643 2517 reversi
673 2485 813 2517 fuerunt
844 2485 901 2518 die
930 2495 1001 2527 an
1032 2485 1234 2519 decembris.
1280 2486 1376 2525 Item,
1409 2486 1503 2519 dicta
1535 2487 1603 2526 die,
1628 2487 1722 2519 misit
1746 2487 1832 2519 duos
1855 2486 1942 2519 alios
1971 2485 2089 2519 amba-

237 2538 385 2571 xiatores
407 2534 629 2576 Florentiam,
646 2537 827 2570 videlicet:
854 2538 1032 2571 dominum
1055 2538 1225 2582 Jacobum
1243 2540 1286 2571 de
1301 2539 1446 2572 Dalfinis
1461 2545 1496 2572 et
1512 2540 1704 2572 Henricum
1722 2540 1766 2572 de
1782 2539 1940 2578 Torellis,
1959 2539 2019 2583 qui
2035 2549 2090 2571 re-

238 2591 374 2623 dierunt
397 2590 455 2623 die
478 2600 588 2632 xva
612 2590 699 2624 dicti
721 2591 847 2624 mensis
869 2591 1077 2625 novembris.

323 2642 373 2676 M.
375 2643 669 2677 CCCJD4XV111.
693 2643 827 2677 Eodem
842 2655 944 2684 anno,
962 2645 1006 2678 de
1021 2655 1136 2678 mense
1150 2622 1311 2690 januarii.
1340 2665 1370 2670 —
1386 2646 1553 2679 Dominus
1576 2647 1786 2680 Octavianus
1802 2646 1845 2678 de
1860 2645 2024 2678 Belfortis
2047 2645 2091 2678 de

239 2696 409 2730 Vulterris
424 2696 527 2741 gessit
542 2696 685 2729 offitium
704 2697 894 2740 potestatis,
911 2698 999 2731 sicut
1015 2699 1091 2731 aliis
1106 2699 1278 2732 mensibus
1301 2700 1597 2742 praecedentibus,
1615 2710 1656 2732 eo
1673 2699 1752 2743 quia
1768 2699 1835 2731 fuit
1858 2698 2087 2731 confirmatus.
2112 2696 2154 2730 45

328 2750 460 2782 Eodem
490 2758 582 2781 anno
613 2755 647 2782 et
677 2749 813 2783 mense.'
838 2769 876 2774 ——
901 2751 1070 2784 Dominus
1100 2751 1262 2785 Tadaeus
1293 2753 1337 2785 de
1363 2752 1513 2795 Pepolis,
1546 2752 1705 2785 dominus
1739 2752 1927 2790 Bononiae,
1957 2751 2022 2783 ivit
2044 2751 2091 2783 ad

239 2803 397 2837 Castrum
423 2802 620 2836 Franchum
650 2803 697 2836 ad
726 2804 976 2845 parlamentum
1000 2815 1079 2838 cum
1111 2805 1252 2838 domino
1282 2806 1482 2838 marchione
1513 2805 1703 2845 Ferrariae,
1727 2805 1787 2849 qui
1810 2804 1906 2838 venit
1936 2803 2001 2842 ibi;
2030 2803 2091 2848 qui

326 2944 359 2964 22
377 2938 465 2972 anno]
482 2947 561 2972 segue
580 2946 675 2965 mense
693 2938 839 2966 cancellato
