2196 3424
101 485 122 501 e.
136 483 186 504 ³3⁶

54 1483 132 1508 Mum,
149 1483 187 1503 11⁶

91 1752 183 1772 aua

270 177 314 214 14
818 171 1107 210 ΜΑΤΤΗΛΕΙ
1136 172 1206 207 DE
1236 170 1581 207 GRIFFONIBUS
1817 178 1900 213 [ΛΑ.
1922 181 2108 215 1257-12601

351 309 484 342 Eodem
508 318 610 340 anno.
634 326 674 329 —
698 306 867 338 Dominus
888 305 1014 338 Paulus
1038 305 1081 337 de
1105 303 1319 337 Zambraxiis
1342 303 1409 336 fuit
1432 303 1564 335 electus
1586 308 1737 345 potestas
1759 302 1937 338 Anconae.

351 363 485 395 Eodem
509 372 610 394 anno.
635 380 676 384 -
701 361 850 394 Gallucii
873 361 1103 402 incoeperunt
1126 359 1200 391 fieri
1231 358 1350 391 facere
1373 358 1409 390 in
1434 358 1530 390 curia
1563 368 1625 390 sua
1658 369 1762 391 unam
1797 359 1918 392 turrim
1946 365 1981 393 et
2012 361 2108 395 dicto

262 427 352 449 anno
376 416 470 448 facta
492 415 631 447 fuerunt
653 425 721 446 xxx
744 414 957 447 columbaria
980 414 1023 446 de
1047 413 1122 455 ipsa
1144 412 1240 445 turri.

372 468 610 502 M.CCLVIII.
635 486 676 490 —-
699 467 865 511 Magnum
888 467 1057 510 proelium
1081 467 1148 499 fuit
1170 467 1206 498 in
1229 466 1388 498 Bononia
1415 465 1505 498 inter
1527 464 1757 508 Jeremienses
1781 471 1816 498 et
1838 465 2108 507 Lambertacios,

264 523 354 554 inter
377 521 614 554 Carbonenses
645 526 680 553 et
711 521 884 559 Galucios,
914 521 1006 553 inter
1028 518 1213 551 Artinisios
1236 524 1272 551 et
1293 519 1372 552 illos
1395 519 1439 551 de
1472 517 1593 551 Castro
1615 518 1807 558 Britonum‚
1830 519 1922 551 inter
1943 519 2110 553 Lamber-
2155 521 2174 554 5

261 576 351 607 tinos
373 580 408 606 et
431 574 666 607 Scanabichos
689 579 724 606 et
746 574 837 606 inter
860 573 1078 616 quamplures
1101 572 1184 605 alias
1207 573 1336 604 domos

349 626 483 660 Eodem
506 637 606 660 anno.
630 645 672 650 —
695 628 804 659 Facta
826 627 893 659 fuit
915 637 984 668 pax
1007 626 1097 659 inter
1119 626 1198 658 illos
1222 625 1266 658 de
1297 625 1411 658 Pretis
1434 636 1479 657 ex
1502 636 1571 657 una
1600 630 1698 667 parte
1731 630 1766 658 et
1789 625 1877 658 filios
1899 626 1980 659 olim
2014 626 2111 660 Petri

261 680 396 713 Becarii
419 691 463 713 ex
487 680 564 719 alia,
589 680 632 712 de
655 685 765 712 morte
790 680 876 712 dicti
898 679 1004 718 Petri,
1028 690 1130 722 quem
1154 679 1403 711 interfecerant
1426 678 1478 710 illi
1502 678 1546 711 de
1571 678 1674 711 domo
1698 679 1741 711 de
1764 677 1888 711 Pretis.

350 733 484 766 Eodem
516 743 616 766 anno.
648 752 690 756 —
721 733 888 766 Dominus
921 733 1186 776 Raymondinus
1221 732 1265 764 de
1301 731 1411 775 janua
1443 731 1585 764 scolaris
1618 731 1686 764 fuit
1717 732 1934 774 decapitatus
1960 733 2016 766 die
2049 733 2111 767 do-

260 786 388 819 minica
417 786 453 818 in
483 787 636 829 vesperis
666 798 688 818 v
718 786 836 828 aprilis
867 796 970 828 super
992 785 1108 828 platea
1130 785 1286 817 comunis
1315 784 1503 823 Bononiae,
1528 794 1569 817 eo
1594 784 1675 827 quia
1700 784 1895 817 vulneravit
1925 785 2108 818 Nicolaum
2137 786 2176 819 10

260 839 355 872 Petri
380 840 423 872 de
447 839 632 878 Leonibus,
657 839 929 872 confalonerium
953 839 988 870 in
1012 838 1140 881 populo
1170 837 1392 871 bononiense.
1438 838 1562 870 Dictus
1592 843 1707 870 tamen
1738 838 1904 871 Nicolaus
1932 839 2039 872 evasit
2066 840 2111 872 de

261 893 355 925 dicto
378 893 519 925 vulnere
544 898 578 925 et
602 892 711 925 doluit
734 893 827 935 quod
851 892 993 924 scolaris
1015 892 1209 930 moriretur,
1233 892 1295 924 sed
1319 892 1413 924 nullo
1436 892 1540 924 modo
1563 891 1675 934 potuit
1697 891 1838 924 obviare
1862 892 1965 925 morti
1987 903 2079 926 suae.

347 945 481 977 Eodem
504 955 604 978 anno.
622 963 663 967 —-
686 944 854 977 Dominus
875 943 1040 977 Albertus
1063 944 1107 976 de
1130 944 1275 976 Dalfinis
1307 944 1364 976 die
1395 944 1508 986 primo
1529 943 1618 988 junii
1642 944 1742 976 duxit
1772 944 1808 976 in
1831 954 1976 977 uxorem
2006 945 2110 978 filiam

259 996 412 1029 Ycellini
436 997 480 1030 de
503 997 666 1036 Torellis3
691 1002 726 1030 et
747 997 815 1030 hoc
838 997 1022 1030 occasione
1053 997 1150 1039 pacis
1173 996 1289 1029 factae
1312 997 1404 1029 inter
1434 997 1633 1039 praedictos
1663 996 1835 1030 Cellinum
1867 1002 1902 1030 et
1933 998 2110 1031 dominum

260 1048 453 1090 Albertum,
477 1051 536 1094 qui
559 1056 657 1083 erant
679 1051 791 1093 primo
813 1050 955 1083 inimici.
2137 1051 2175 1085 15

354 1101 445 1136 1258.
470 1104 604 1136 Eodem
627 1113 727 1136 anno.
752 1122 794 1126 —
815 1104 983 1136 Dominus
1004 1102 1171 1137 Albertus
1195 1104 1238 1136 de
1263 1103 1381 1147 Grego
1403 1103 1471 1135 fuit
1492 1108 1645 1146 potestas
1666 1103 1854 1136 Bononiae.

349 1157 484 1189 Eodem
507 1167 607 1190 anno.
632 1175 673 1180 ——
696 1157 871 1189 Ycillinus
894 1157 937 1189 de
961 1157 1121 1189 Romano
1145 1167 1224 1189 cum
1258 1167 1319 1189 sua
1341 1162 1446 1200 gente
1471 1162 1506 1188 et
1530 1156 1821 1190 Cremonensibus
1844 1163 1879 1190 et
1901 1157 2111 1192 Palavicinis

260 1209 416 1242 conflixit
438 1216 571 1252 partem
595 1210 803 1243 brixiensem
835 1215 870 1243 et
897 1215 1018 1254 gentes
1041 1210 1222 1242 Ecclesiae
1248 1216 1283 1242 et
1314 1210 1409 1252 cepit
1439 1210 1590 1253 legatum
1615 1215 1649 1242 et
1672 1210 1798 1243 multos
1827 1211 1912 1244 alios
1935 1211 1980 1244 de
2008 1211 2110 1245 Man-

259 1267 318 1294 tua
341 1267 375 1295 et
397 1262 517 1296 habuit
539 1263 703 1296 Brixiam.

344 1315 600 1349 M.CCLVIIII.
624 1335 667 1340 —
688 1317 856 1349 Dominus
878 1316 1065 1360 Jacobinus
1087 1317 1279 1361 Rangonus
1302 1317 1369 1349 fuit
1391 1322 1543 1360 potestas
1565 1317 1752 1350 Bononiae.
2131 1320 2187 1351 20-

346 1369 480 1401 Eodem
504 1379 604 1402 anno.
624 1380 670 1393 ³-
693 1370 874 1412 Ycellinus
897 1370 940 1402 de
964 1369 1124 1403 Romano
1148 1370 1239 1402 solus
1269 1370 1375 1402 habet
1407 1370 1583 1402 civitatem
1618 1370 1770 1410 Brixiae,
1807 1371 1949 1404 excluso
1972 1371 2110 1405 Palavi-

260 1421 340 1453 cino
365 1426 400 1453 et
423 1421 722 1455 Cremonensibus.

349 1474 484 1507 Eodem
507 1485 607 1508 anno.
631 1494 673 1499 —
695 1476 863 1509 Dominus
892 1476 1047 1509 marchio
1079 1477 1243 1515 Estensis‚
1274 1476 1481 1516 Marchiani‚
1516 1476 1763 1516 Ferarienses‚'
1794 1477 1952 1510 Paduani
1983 1483 2019 1510 et
2051 1487 2110 1511 co-

260 1538 333 1559 mes
356 1527 476 1560 Sancti
498 1528 672 1561 Bonifacii
694 1529 857 1562 fecerunt
881 1530 1104 1562 concordiam
1128 1530 1173 1562 ad
1195 1530 1347 1562 invicem
1372 1541 1451 1562 cum
1474 1530 1675 1562 marchione
1698 1530 1901 1563 Palavicino
1918 1536 1953 1563 et
1968 1531 2111 1564 Cremo-

258 1580 420 1613 nensibus
442 1586 477 1613 et
501 1582 639 1614 domino
662 1582 773 1615 Boxio
797 1583 841 1615 de
864 1582 1024 1615 Dovaria„
1071 1583 1117 1615 Et
1140 1593 1260 1615 omnes
1282 1583 1369 1615 uniti
1393 1583 1438 1615 ad
1461 1583 1613 1615 invicem
1637 1583 1799 1615 fecerunt
1822 1594 1984 1627 magnum
2008 1594 2109 1616 exer·
2131 1582 2173 1616 25

258 1633 365 1666 citum
389 1639 510 1667 contra
531 1634 686 1667 Brixiam
720 1640 755 1668 et
777 1635 979 1668 Ycillinum.
1026 1636 1072 1668 Et
1103 1636 1185 1668 dum
1216 1636 1283 1678 ipsi
1315 1641 1429 1668 essent
1457 1636 1503 1668 ad
1535 1647 1706 1678 campum,
1731 1637 1846 1669 dictus
1867 1637 2043 1670 Ycillinus
2064 1637 2111 1670 ad

259 1686 461 1728 petitionem
492 1688 718 1730 quorumdam
749 1688 964 1731 proditorum
995 1687 1039 1721 de
1068 1688 1270 1721 Mediolano
1302 1700 1381 1722 cum
1410 1700 1472 1721 sua
1500 1695 1604 1733 gente
1635 1689 1699 1721 ivit
1732 1689 1971 1722 Mediolanum
2006 1700 2111 1723 causa

257 1739 346 1772 illud
367 1740 519 1773 intrandi
542 1745 577 1773 et
599 1740 771 1774 habendi-¹
817 1742 863 1774 Et
885 1742 948 1773 ivit
970 1752 1078 1785 usque
1102 1742 1148 1774 ad
1170 1742 1455 1775 Vicomercatum
1479 1748 1514 1774 et
1539 1753 1618 1774 curn
1638 1741 1920 1775 Mediolanenses
1943 1743 2011 1776 hoc
2034 1754 2112 1776 sen-

255 1798 383 1831 serunt,
406 1799 593 1835 posuerunt
615 1794 807 1826 remedium
830 1805 874 1827 ne
898 1795 1030 1837 aliquid
1053 1795 1225 1828 sinistrum
1248 1801 1364 1838 posset
1386 1795 1436 1827 eis
1458 1805 1655 1827 occurrere.
1703 1796 1749 1827 Et
1776 1796 1872 1828 illico
1895 1795 2109 1828 Cremonen-

255 1855 319 1884 ses,
350 1845 548 1885 Mantuani,
576 1847 730 1879 marchio
765 1847 919 1880 Estensis
950 1852 985 1880 et
1015 1847 1170 1880 marchio
1200 1847 1421 1880 Palavicinus
1452 1853 1487 1880 et
1522 1847 1679 1880 Paduani
1711 1854 1746 1880 et
1775 1849 1805 1881 F
1806 1849 1997 1881 erarienses
2028 1859 2107 1881 cum
2130 1850 2174 1882 30

256 1908 380 1942 magno
403 1908 521 1931 eorum
544 1899 702 1932 exercitu
726 1900 968 1943 equitaverunt
990 1911 1108 1933 versus
1133 1901 1265 1934 dictum
1289 1901 1481 1933 Ycillinum
1510 1906 1545 1933 et
1575 1901 1687 1943 ipsum
1723 1901 1930 1934 invenerunt
1953 1902 1999 1934 ad
2020 1911 2107 1944 pon-

256 1956 326 1983 tem
349 1950 490 1984 Cassani
512 1957 547 1984 et
569 1953 828 1995 proeliaverunt
852 1953 983 1986 dictum
1007 1959 1158 1996 pontem.
1203 1953 1263 1986 Ad
1286 1954 1380 1997 quod
1402 1954 1573 1996 proelium
1596 1954 1711 1987 trassit
1735 1954 1849 1987 dictus
1879 1954 2041 1988 Ycilinus
2062 1954 2109 1988 ad

257 2004 494 2037 defensionem
517 2006 631 2048 pontis
654 2011 689 2038 et
715 2006 783 2039 fuit
805 2007 934 2040 acriter
955 2007 1165 2039 vulneratus.
1212 2007 1284 2046 Qui
1307 2007 1492 2045 Ycillinus,
1516 2008 1668 2039 sentiens
1691 2018 1728 2039 se
1752 2008 1982 2047 vulneratum,
2005 2018 2108 2050 prae-

257 2057 351 2100 cepit
372 2058 532 2101 gentibus
558 2060 652 2102 quod
683 2060 868 2093 transirent
890 2060 1017 2093 flumen
1038 2059 1165 2093 Addae
1197 2066 1232 2093 et
1263 2061 1344 2093 dum
1376 2061 1572 2100 transirent,
1609 2061 1785 2093 exercitus
1821 2061 2105 2094 Cremonensium

255 2116 290 2142 et
312 2110 499 2143 amicorum
523 2122 660 2144 suorum
683 2123 720 2145 se
743 2119 977 2155 opposuerunt
1000 2114 1049 2146 eis
1080 2120 1115 2147 et
1145 2114 1375 2156 incoeperunt
1405 2124 1566 2157 magnum
1598 2114 1779 2156 proelium,
1812 2114 1869 2147 die
1893 2124 2002 2156 xwa
2028 2125 2107 2158 sep-
2128 2113 2170 2147 35

254 2163 411 2201 tembris;
436 2170 470 2197 et
492 2164 530 2196 in
551 2165 626 2207 ipso
648 2166 782 2208 proelio
804 2166 978 2202 Ycillinus
1000 2167 1068 2199 fuit
1090 2167 1289 2199 vulneratus
1316 2173 1351 2199 et
1382 2173 1503 2209 captus
1526 2173 1561 2200 et
1588 2167 1712 2199 ductus
1735 2167 1803 2199 fuit
1825 2167 1871 2199 ad
1902 2167 2106 2200 exercitum.

254 2215 380 2249 Postea
401 2216 468 2250 fuit
489 2222 644 2260 portatus
666 2219 712 2251 ad
743 2218 932 2252 Soneinum
956 2225 991 2252 et
1020 2219 1069 2252 ibi
1100 2225 1254 2252 mortuus
1285 2220 1353 2252 fuit
1384 2226 1419 2252 et
1442 2220 1605 2262 sepultus,
1630 2220 1761 2252 relictis
1790 2220 1942 2259 Verona,
1973 2220 2104 2254 Vicen-

262 2268 320 2307 tia,
341 2267 472 2308 Padus,
495 2269 664 2310 Trivixio,
688 2272 818 2311 Feltro,
841 2272 1023 2311 Tridento‚
1047 2273 1165 2305 Brixia
1188 2278 1223 2305 et
1247 2273 1367 2306 castris
1390 2272 1554 2306 Cenetae.

346 2321 481 2355 Eodem
503 2333 603 2356 anno.
628 2342 670 2346 —
693 2325 887 2357 Florentini
911 2325 1064 2358 conflicti
1087 2326 1229 2358 fuerunt
1252 2337 1273 2358 a
1296 2326 1508 2359 Senensibus
1530 2327 1575 2358 ad
1597 2326 1755 2359 Montem
1778 2325 1960 2369 Apertum.

345 2374 479 2407 Eodem
495 2386 595 2408 anno.
607 2395 649 2399 —
661 2376 828 2410 Dominus
841 2377 1033 2410 Guiducius
1050 2378 1094 2411 de
1106 2378 1347 2420 Ramponibus
1363 2379 1430 2411 fuit
1446 2378 1577 2411 electus
1592 2384 1743 2421 potestas
1760 2379 1910 2412 civitatis
1926 2379 2104 2412 Senarum.
2129 2381 2172 2412 40

346 2426 533 2461 M.CCLX.
557 2447 600 2452 —-
621 2429 842 2463 Lanfrancus
863 2430 1058 2463 Ususmaris
1081 2431 1148 2463 fuit
1170 2437 1322 2473 potestas
1343 2431 1532 2464 Bononiae.

343 2480 477 2513 Eodem
500 2492 600 2515 anno.
628 2501 670 2506 —
693 2482 932 2516 Carbonenses
961 2489 997 2516 et
1024 2483 1175 2516 Gallucii
1197 2484 1233 2516 in
1265 2484 1321 2517 die
1353 2484 1508 2517 Pascatis
1530 2485 1793 2518 Resurectionis
1816 2491 1894 2528 post
1920 2486 2103 2528 prandium

254 2533 290 2565 in
313 2533 370 2566 via
391 2544 413 2566 a
434 2534 536 2567 trivio
558 2534 830 2568 Carbonensium
852 2547 961 2579 usque
985 2537 1031 2569 ad
1054 2535 1205 2569 Crucem
1229 2537 1447 2577 Sanctorum,
1464 2538 1723 2580 proeliaverunt
1738 2539 1784 2571 ad
1799 2539 1961 2578 invicem,
1977 2539 2014 2571 in
2031 2549 2100 2582 quo

254 2586 386 2628 proelio
408 2586 507 2619 multi
530 2588 655 2620 mortui
677 2588 829 2621 fuerunt.
875 2589 922 2621 Et
946 2589 1041 2622 dicta
1064 2589 1108 2621 de
1133 2600 1236 2622 causa
1258 2590 1400 2622 fuerunt
1416 2591 1638 2623 condemnati
1662 2597 1696 2623 et
1713 2592 1843 2624 solutae
1861 2591 2002 2624 fuerunt
2019 2602 2103 2625 con-

255 2640 465 2672 denationes.
511 2640 558 2673 Et
580 2641 737 2674 similiter
759 2641 826 2674 fuit
856 2642 1026 2684 proelium
1056 2642 1148 2675 inter
1173 2642 1415 2676 Lambertinos
1447 2649 1482 2676 et
1514 2643 1750 2684 Scanabichos
1782 2650 1816 2677 et
1846 2645 1939 2677 inter
1966 2643 2101 2678 Artini-
2124 2643 2165 2678 45

256 2692 324 2724 sios
346 2698 381 2725 et
402 2693 481 2726 illos
503 2694 547 2726 de
571 2693 692 2726 Castro
714 2694 906 2727 Britonum.

343 2746 477 2778 Eodem
500 2756 600 2779 anno.
623 2765 666 2770 —
690 2747 798 2780 Facta
820 2747 887 2780 fuit
909 2758 978 2791 pax
1000 2748 1092 2781 inter
1113 2749 1191 2782 illos
1215 2749 1259 2782 de
1282 2748 1394 2783 Lobia
1417 2761 1462 2783 ex
1485 2761 1553 2783 una
1576 2756 1674 2793 parte
1699 2756 1734 2783 et
1755 2750 2040 2783 Rambaldutium
2058 2751 2102 2784 de

343 2891 354 2908 1
376 2883 559 2917 Zambraxiis]
578 2885 602 2909 Ie
619 2885 710 2910 ultim
727 2885 821 2911 sillabe
837 2894 898 2911 sono
914 2887 1004 2911 scritta
1021 2895 1052 2912 su
1070 2886 1201 2913 abrasnra
1216 2902 1248 2906 —
1261 2895 1278 2920 4
1290 2888 1510 2923 LambertaeIos]
1522 2897 1602 2921 seg-ue
1615 2888 1744 2914 videlicet
1769 2889 1912 2914 cancellato
1926 2901 1958 2906 —
1975 2896 2004 2914 ιι
2020 2889 2098 2914 Petri

254 2925 288 2950 de
307 2924 377 2957 Leo]
394 2926 485 2950 scritto
501 2934 530 2951 sn
548 2926 679 2953 abrasum
698 2941 731 2946 —
749 2934 785 2960 40
802 2928 965 2955 Eodem....
984 2928 1129 2963 Senarum]
1146 2938 1214 2963 agg.
1228 2929 1279 2962 pit>
1297 2930 1375 2956 tardi
1383 2931 1463 2963 jorse
1481 2931 1585 2957 d’altra
1603 2939 1679 2957 mano
