<?xml version="1.0" encoding="UTF-8"?>
<!DOCTYPE html PUBLIC "-//W3C//DTD XHTML 1.0 Transitional//EN"
    "http://www.w3.org/TR/xhtml1/DTD/xhtml1-transitional.dtd">
<html xmlns="http://www.w3.org/1999/xhtml" xml:lang="en" lang="en">
 <head>
  <title>
</title>
<meta http-equiv="Content-Type" content="text/html;charset=utf-8" />
  <meta name='ocr-system' content='tesseract 3.04.00' />
  <meta name='ocr-capabilities' content='ocr_page ocr_carea ocr_par ocr_line ocrx_word'/>
</head>
<body>
  <div class='ocr_page' id='page_1' title='image "./rerumitalicarums182murauoft_0100.png"; bbox 0 0 2196 3424; ppageno 0'>
   <div class='ocr_carea' id='block_1_1' title="bbox 42 887 99 907">
    <p class='ocr_par' dir='ltr' id='par_1_1' title="bbox 42 887 99 907">
     <span class='ocr_line' id='line_1_1' title="bbox 42 887 99 907; baseline 0.018 -1"><span class='ocrx_word' id='word_1_1' title='bbox 42 887 99 907; x_wconf 76' lang='lat' dir='ltr'>Mun</span> 
     </span>
    </p>
   </div>
   <div class='ocr_carea' id='block_1_2' title="bbox 80 413 168 432">
    <p class='ocr_par' dir='ltr' id='par_1_2' title="bbox 80 413 168 432">
     <span class='ocr_line' id='line_1_2' title="bbox 80 413 168 432; baseline 0 -6"><span class='ocrx_word' id='word_1_2' title='bbox 80 413 168 432; x_wconf 55' lang='lat' dir='ltr'>maja</span> 
     </span>
    </p>
   </div>
   <div class='ocr_carea' id='block_1_3' title="bbox 81 860 171 911">
    <p class='ocr_par' dir='ltr' id='par_1_3' title="bbox 81 860 171 911">
     <span class='ocr_line' id='line_1_3' title="bbox 81 860 170 884; baseline 0.022 -2"><span class='ocrx_word' id='word_1_3' title='bbox 81 866 101 882; x_wconf 84' lang='lat' dir='ltr'>c.</span> <span class='ocrx_word' id='word_1_4' title='bbox 116 865 145 884; x_wconf 70' lang='lat'>⁴³</span> <span class='ocrx_word' id='word_1_5' title='bbox 159 860 170 879; x_wconf 78' lang='lat' dir='ltr'><em>b</em></span> 
     </span>
     <span class='ocr_line' id='line_1_4' title="bbox 102 888 171 911; baseline -0.014 -4"><span class='ocrx_word' id='word_1_6' title='bbox 102 901 117 911; x_wconf 89' lang='lat'>..</span> <span class='ocrx_word' id='word_1_7' title='bbox 136 888 171 907; x_wconf 78' lang='lat'>128</span> 
     </span>
    </p>
   </div>
   <div class='ocr_carea' id='block_1_4' title="bbox 80 1410 172 1429">
    <p class='ocr_par' dir='ltr' id='par_1_4' title="bbox 80 1410 172 1429">
     <span class='ocr_line' id='line_1_5' title="bbox 80 1410 172 1429; baseline 0 -5"><span class='ocrx_word' id='word_1_8' title='bbox 80 1410 99 1426; x_wconf 73' lang='lat' dir='ltr'>c.</span> <span class='ocrx_word' id='word_1_9' title='bbox 115 1411 172 1429; x_wconf 65' lang='lat'><strong><em>⁴⁴¹1</em></strong></span> 
     </span>
    </p>
   </div>
   <div class='ocr_carea' id='block_1_5' title="bbox 79 2310 172 2330">
    <p class='ocr_par' dir='ltr' id='par_1_5' title="bbox 79 2310 172 2330">
     <span class='ocr_line' id='line_1_6' title="bbox 79 2310 172 2330; baseline 0 -5"><span class='ocrx_word' id='word_1_10' title='bbox 79 2310 99 2326; x_wconf 79' lang='lat' dir='ltr'>C.</span> <span class='ocrx_word' id='word_1_11' title='bbox 114 2310 172 2330; x_wconf 66' lang='lat'>⁴5⁰</span> 
     </span>
    </p>
   </div>
   <div class='ocr_carea' id='block_1_6' title="bbox 255 155 2088 198">
    <p class='ocr_par' dir='ltr' id='par_1_6' title="bbox 255 155 2088 198">
     <span class='ocr_line' id='line_1_7' title="bbox 255 155 2088 198; baseline -0.002 -2"><span class='ocrx_word' id='word_1_12' title='bbox 255 161 302 196; x_wconf 78' lang='lat'>24</span> <span class='ocrx_word' id='word_1_13' title='bbox 807 156 1087 194; x_wconf 90' lang='lat' dir='ltr'>MATTHAEI</span> <span class='ocrx_word' id='word_1_14' title='bbox 1114 156 1185 193; x_wconf 91' lang='lat' dir='ltr'>DE</span> <span class='ocrx_word' id='word_1_15' title='bbox 1214 155 1559 193; x_wconf 86' lang='lat' dir='ltr'>GRIFFONIBUS</span> <span class='ocrx_word' id='word_1_16' title='bbox 1797 159 1882 196; x_wconf 72' lang='grc' dir='ltr'><strong>[ΛΑ.</strong></span> <span class='ocrx_word' id='word_1_17' title='bbox 1902 161 2088 198; x_wconf 75' lang='lat'><strong>1280-1286]</strong></span> 
     </span>
    </p>
   </div>
   <div class='ocr_carea' id='block_1_7' title="bbox 241 286 2164 2021">
    <p class='ocr_par' dir='ltr' id='par_1_7' title="bbox 246 286 2088 386">
     <span class='ocr_line' id='line_1_8' title="bbox 336 286 2088 330; baseline -0.001 -6"><span class='ocrx_word' id='word_1_18' title='bbox 336 291 469 324; x_wconf 89' lang='lat' dir='ltr'>Eodem</span> <span class='ocrx_word' id='word_1_19' title='bbox 493 300 594 328; x_wconf 87' lang='lat' dir='ltr'>anno,</span> <span class='ocrx_word' id='word_1_20' title='bbox 619 290 662 322; x_wconf 93' lang='lat' dir='ltr'>de</span> <span class='ocrx_word' id='word_1_21' title='bbox 687 300 804 322; x_wconf 91' lang='lat' dir='ltr'>mense</span> <span class='ocrx_word' id='word_1_22' title='bbox 821 289 1027 322; x_wconf 82' lang='lat' dir='ltr'>decembris.</span> <span class='ocrx_word' id='word_1_23' title='bbox 1046 307 1087 311; x_wconf 94' lang='lat'><strong>—</strong></span> <span class='ocrx_word' id='word_1_24' title='bbox 1105 288 1179 321; x_wconf 88' lang='lat' dir='ltr'>Sita</span> <span class='ocrx_word' id='word_1_25' title='bbox 1202 288 1290 320; x_wconf 83' lang='lat' dir='ltr'>troni</span> <span class='ocrx_word' id='word_1_26' title='bbox 1313 287 1483 330; x_wconf 81' lang='lat' dir='ltr'>percussit</span> <span class='ocrx_word' id='word_1_27' title='bbox 1508 287 1628 319; x_wconf 89' lang='lat' dir='ltr'>turrim</span> <span class='ocrx_word' id='word_1_28' title='bbox 1652 286 1895 325; x_wconf 85' lang='lat' dir='ltr'>Catelanorum</span> <span class='ocrx_word' id='word_1_29' title='bbox 1919 294 1954 322; x_wconf 88' lang='lat' dir='ltr'>et</span> <span class='ocrx_word' id='word_1_30' title='bbox 1976 295 2088 323; x_wconf 85' lang='lat' dir='ltr'>certas</span> 
     </span>
     <span class='ocr_line' id='line_1_9' title="bbox 246 340 2086 386; baseline -0.001 -9"><span class='ocrx_word' id='word_1_31' title='bbox 246 345 330 377; x_wconf 82' lang='lat' dir='ltr'>alias</span> <span class='ocrx_word' id='word_1_32' title='bbox 354 351 463 377; x_wconf 85' lang='lat' dir='ltr'>turres</span> <span class='ocrx_word' id='word_1_33' title='bbox 487 349 521 376; x_wconf 92' lang='lat' dir='ltr'>et</span> <span class='ocrx_word' id='word_1_34' title='bbox 542 343 720 375; x_wconf 75' lang='lat' dir='ltr'>interfecit</span> <span class='ocrx_word' id='word_1_35' title='bbox 743 342 948 381; x_wconf 84' lang='lat' dir='ltr'>Caudinum,</span> <span class='ocrx_word' id='word_1_36' title='bbox 974 341 1194 386; x_wconf 81' lang='lat' dir='ltr'>calcolarium</span> <span class='ocrx_word' id='word_1_37' title='bbox 1220 341 1263 373; x_wconf 92' lang='lat' dir='ltr'>de</span> <span class='ocrx_word' id='word_1_38' title='bbox 1289 340 1481 384; x_wconf 77' lang='lat' dir='ltr'>Soconome</span> <span class='ocrx_word' id='word_1_39' title='bbox 1506 341 1549 373; x_wconf 91' lang='lat' dir='ltr'>de</span> <span class='ocrx_word' id='word_1_40' title='bbox 1574 340 1763 384; x_wconf 81' lang='lat' dir='ltr'>Saragotia‚</span> <span class='ocrx_word' id='word_1_41' title='bbox 1787 346 1822 374; x_wconf 88' lang='lat' dir='ltr'>et</span> <span class='ocrx_word' id='word_1_42' title='bbox 1837 340 1909 384; x_wconf 86' lang='lat' dir='ltr'>ejus</span> <span class='ocrx_word' id='word_1_43' title='bbox 1930 352 2086 375; x_wconf 89' lang='lat' dir='ltr'>uxorem.</span> 
     </span>
    </p>

    <p class='ocr_par' dir='ltr' id='par_1_8' title="bbox 244 392 2090 490">
     <span class='ocr_line' id='line_1_10' title="bbox 332 392 2090 439; baseline -0.001 -10"><span class='ocrx_word' id='word_1_44' title='bbox 332 396 607 429; x_wconf 88' lang='lat' dir='ltr'>M.CCLXXX1.</span> <span class='ocrx_word' id='word_1_45' title='bbox 631 414 673 418; x_wconf 97' lang='lat'><strong>—</strong></span> <span class='ocrx_word' id='word_1_46' title='bbox 688 395 854 428; x_wconf 83' lang='lat' dir='ltr'><strong>Dominus</strong></span> <span class='ocrx_word' id='word_1_47' title='bbox 878 395 1018 428; x_wconf 88' lang='lat' dir='ltr'>Stoldus</span> <span class='ocrx_word' id='word_1_48' title='bbox 1041 394 1149 437; x_wconf 87' lang='lat' dir='ltr'>Jacob</span> <span class='ocrx_word' id='word_1_49' title='bbox 1166 394 1232 426; x_wconf 79' lang='lat' dir='ltr'>fuit</span> <span class='ocrx_word' id='word_1_50' title='bbox 1247 399 1399 436; x_wconf 86' lang='lat' dir='ltr'>potestas</span> <span class='ocrx_word' id='word_1_51' title='bbox 1423 393 1571 426; x_wconf 88' lang='lat' dir='ltr'>civitatis</span> <span class='ocrx_word' id='word_1_52' title='bbox 1593 392 1781 426; x_wconf 84' lang='lat' dir='ltr'>Bononiae.</span> <span class='ocrx_word' id='word_1_53' title='bbox 1804 394 1972 427; x_wconf 83' lang='lat' dir='ltr'><strong>Dominus</strong></span> <span class='ocrx_word' id='word_1_54' title='bbox 1994 394 2090 439; x_wconf 88' lang='lat' dir='ltr'>Ugo-</span> 
     </span>
     <span class='ocr_line' id='line_1_11' title="bbox 244 447 1223 490; baseline -0.004 -8"><span class='ocrx_word' id='word_1_55' title='bbox 244 450 333 482; x_wconf 89' lang='lat' dir='ltr'>linus</span> <span class='ocrx_word' id='word_1_56' title='bbox 357 450 400 483; x_wconf 91' lang='lat' dir='ltr'>de</span> <span class='ocrx_word' id='word_1_57' title='bbox 424 449 557 481; x_wconf 89' lang='lat' dir='ltr'>Rubeis</span> <span class='ocrx_word' id='word_1_58' title='bbox 580 449 647 481; x_wconf 85' lang='lat' dir='ltr'>fuit</span> <span class='ocrx_word' id='word_1_59' title='bbox 669 448 869 490; x_wconf 83' lang='lat' dir='ltr'>capitaneus</span> <span class='ocrx_word' id='word_1_60' title='bbox 891 447 1011 490; x_wconf 90' lang='lat' dir='ltr'>populi</span> <span class='ocrx_word' id='word_1_61' title='bbox 1034 447 1223 479; x_wconf 85' lang='lat' dir='ltr'>Bononiae.</span> 
     </span>
    </p>

    <p class='ocr_par' dir='ltr' id='par_1_9' title="bbox 243 498 2153 651">
     <span class='ocr_line' id='line_1_12' title="bbox 331 498 2153 542; baseline 0 -8"><span class='ocrx_word' id='word_1_62' title='bbox 331 502 463 535; x_wconf 87' lang='lat' dir='ltr'>Eodem</span> <span class='ocrx_word' id='word_1_63' title='bbox 486 511 585 534; x_wconf 91' lang='lat' dir='ltr'>anno.</span> <span class='ocrx_word' id='word_1_64' title='bbox 604 519 645 524; x_wconf 94' lang='lat'><strong>—</strong></span> <span class='ocrx_word' id='word_1_65' title='bbox 661 501 828 533; x_wconf 80' lang='lat' dir='ltr'>Dominus</span> <span class='ocrx_word' id='word_1_66' title='bbox 850 500 1034 533; x_wconf 90' lang='lat' dir='ltr'>Bertoldus</span> <span class='ocrx_word' id='word_1_67' title='bbox 1058 500 1101 532; x_wconf 93' lang='lat' dir='ltr'>de</span> <span class='ocrx_word' id='word_1_68' title='bbox 1125 499 1270 538; x_wconf 86' lang='lat' dir='ltr'>Ursinis,</span> <span class='ocrx_word' id='word_1_69' title='bbox 1289 500 1332 532; x_wconf 90' lang='lat' dir='ltr'>de</span> <span class='ocrx_word' id='word_1_70' title='bbox 1350 510 1417 542; x_wconf 93' lang='lat' dir='ltr'>quo</span> <span class='ocrx_word' id='word_1_71' title='bbox 1441 510 1544 542; x_wconf 89' lang='lat' dir='ltr'>supra</span> <span class='ocrx_word' id='word_1_72' title='bbox 1567 499 1604 532; x_wconf 87' lang='lat' dir='ltr'>fit</span> <span class='ocrx_word' id='word_1_73' title='bbox 1627 499 1766 538; x_wconf 87' lang='lat' dir='ltr'>mentio,</span> <span class='ocrx_word' id='word_1_74' title='bbox 1790 500 1853 533; x_wconf 90' lang='lat' dir='ltr'>ivit</span> <span class='ocrx_word' id='word_1_75' title='bbox 1875 498 2023 533; x_wconf 80' lang='lat' dir='ltr'>Romam</span> <span class='ocrx_word' id='word_1_76' title='bbox 2055 506 2089 534; x_wconf 89' lang='lat' dir='ltr'>et</span> <span class='ocrx_word' id='word_1_77' title='bbox 2135 500 2153 533; x_wconf 89' lang='lat'><strong>5</strong></span> 
     </span>
     <span class='ocr_line' id='line_1_13' title="bbox 243 552 2091 596; baseline -0.001 -8"><span class='ocrx_word' id='word_1_78' title='bbox 243 555 342 588; x_wconf 88' lang='lat' dir='ltr'>duxit</span> <span class='ocrx_word' id='word_1_79' title='bbox 372 565 488 588; x_wconf 84' lang='lat' dir='ltr'>secum</span> <span class='ocrx_word' id='word_1_80' title='bbox 518 564 568 587; x_wconf 86' lang='lat' dir='ltr'>1.x</span> <span class='ocrx_word' id='word_1_81' title='bbox 598 555 735 587; x_wconf 85' lang='lat' dir='ltr'>obsides</span> <span class='ocrx_word' id='word_1_82' title='bbox 767 555 811 587; x_wconf 90' lang='lat' dir='ltr'>de</span> <span class='ocrx_word' id='word_1_83' title='bbox 843 560 941 596; x_wconf 87' lang='lat' dir='ltr'>parte</span> <span class='ocrx_word' id='word_1_84' title='bbox 964 553 1283 586; x_wconf 84' lang='lat' dir='ltr'>Lambertaciorum</span> <span class='ocrx_word' id='word_1_85' title='bbox 1314 553 1357 585; x_wconf 88' lang='lat' dir='ltr'>de</span> <span class='ocrx_word' id='word_1_86' title='bbox 1387 552 1544 586; x_wconf 88' lang='lat' dir='ltr'>Bononia</span> <span class='ocrx_word' id='word_1_87' title='bbox 1575 558 1610 586; x_wconf 89' lang='lat' dir='ltr'>et</span> <span class='ocrx_word' id='word_1_88' title='bbox 1639 553 1787 586; x_wconf 83' lang='lat' dir='ltr'>restituit</span> <span class='ocrx_word' id='word_1_89' title='bbox 1817 552 1953 587; x_wconf 86' lang='lat' dir='ltr'>obsides</span> <span class='ocrx_word' id='word_1_90' title='bbox 1983 554 2091 596; x_wconf 85' lang='lat' dir='ltr'>partis</span> 
     </span>
     <span class='ocr_line' id='line_1_14' title="bbox 243 606 1346 651; baseline -0.002 -11"><span class='ocrx_word' id='word_1_91' title='bbox 243 608 504 651; x_wconf 89' lang='lat' dir='ltr'>Jeremiensium</span> <span class='ocrx_word' id='word_1_92' title='bbox 527 617 590 650; x_wconf 87' lang='lat' dir='ltr'>pro</span> <span class='ocrx_word' id='word_1_93' title='bbox 613 607 709 640; x_wconf 89' lang='lat' dir='ltr'>libris</span> <span class='ocrx_word' id='word_1_94' title='bbox 732 607 932 649; x_wconf 89' lang='lat' dir='ltr'>quindecim</span> <span class='ocrx_word' id='word_1_95' title='bbox 955 607 1063 639; x_wconf 84' lang='lat' dir='ltr'>millia</span> <span class='ocrx_word' id='word_1_96' title='bbox 1086 606 1346 639; x_wconf 87' lang='lat' dir='ltr'>bononinorum.</span> 
     </span>
    </p>

    <p class='ocr_par' dir='ltr' id='par_1_10' title="bbox 244 658 2091 746">
     <span class='ocr_line' id='line_1_15' title="bbox 330 658 2091 702; baseline -0.001 -9"><span class='ocrx_word' id='word_1_97' title='bbox 330 660 464 693; x_wconf 86' lang='lat' dir='ltr'>Eodem</span> <span class='ocrx_word' id='word_1_98' title='bbox 487 670 588 693; x_wconf 86' lang='lat' dir='ltr'>anno.</span> <span class='ocrx_word' id='word_1_99' title='bbox 613 678 654 683; x_wconf 83' lang='lat'>—-—</span> <span class='ocrx_word' id='word_1_100' title='bbox 679 660 793 693; x_wconf 89' lang='lat' dir='ltr'>Guelfi</span> <span class='ocrx_word' id='word_1_101' title='bbox 817 659 860 692; x_wconf 94' lang='lat' dir='ltr'>de</span> <span class='ocrx_word' id='word_1_102' title='bbox 891 659 1059 692; x_wconf 88' lang='lat' dir='ltr'>Faventia</span> <span class='ocrx_word' id='word_1_103' title='bbox 1090 658 1255 692; x_wconf 87' lang='lat' dir='ltr'>debellati</span> <span class='ocrx_word' id='word_1_104' title='bbox 1286 659 1428 691; x_wconf 81' lang='lat' dir='ltr'>fuerunt</span> <span class='ocrx_word' id='word_1_105' title='bbox 1450 669 1471 691; x_wconf 89' lang='lat' dir='ltr'>a</span> <span class='ocrx_word' id='word_1_106' title='bbox 1503 658 1711 692; x_wconf 89' lang='lat' dir='ltr'>Ghibellinis</span> <span class='ocrx_word' id='word_1_107' title='bbox 1742 659 1786 692; x_wconf 92' lang='lat' dir='ltr'>de</span> <span class='ocrx_word' id='word_1_108' title='bbox 1816 659 1968 692; x_wconf 90' lang='lat' dir='ltr'>Forlivio</span> <span class='ocrx_word' id='word_1_109' title='bbox 1998 659 2091 702; x_wconf 87' lang='lat' dir='ltr'>apud</span> 
     </span>
     <span class='ocr_line' id='line_1_16' title="bbox 244 713 823 746; baseline 0 -1"><span class='ocrx_word' id='word_1_110' title='bbox 244 713 466 746; x_wconf 91' lang='lat' dir='ltr'>Durbechum</span> <span class='ocrx_word' id='word_1_111' title='bbox 491 714 535 746; x_wconf 94' lang='lat' dir='ltr'>de</span> <span class='ocrx_word' id='word_1_112' title='bbox 558 724 675 746; x_wconf 89' lang='lat' dir='ltr'>mense</span> <span class='ocrx_word' id='word_1_113' title='bbox 699 714 823 746; x_wconf 87' lang='lat' dir='ltr'>martii.</span> 
     </span>
    </p>

    <p class='ocr_par' dir='ltr' id='par_1_11' title="bbox 242 763 2157 859">
     <span class='ocr_line' id='line_1_17' title="bbox 330 763 2157 807; baseline 0.001 -11"><span class='ocrx_word' id='word_1_114' title='bbox 330 764 463 797; x_wconf 89' lang='lat' dir='ltr'>Eodem</span> <span class='ocrx_word' id='word_1_115' title='bbox 488 773 588 796; x_wconf 88' lang='lat' dir='ltr'>anno.</span> <span class='ocrx_word' id='word_1_116' title='bbox 612 782 654 788; x_wconf 86' lang='lat'><em>-</em></span> <span class='ocrx_word' id='word_1_117' title='bbox 679 764 808 797; x_wconf 85' lang='lat' dir='ltr'>Gallici</span> <span class='ocrx_word' id='word_1_118' title='bbox 832 764 888 796; x_wconf 92' lang='lat' dir='ltr'>die</span> <span class='ocrx_word' id='word_1_119' title='bbox 912 764 1024 806; x_wconf 89' lang='lat' dir='ltr'>primo</span> <span class='ocrx_word' id='word_1_120' title='bbox 1047 763 1128 807; x_wconf 88' lang='lat' dir='ltr'>maji</span> <span class='ocrx_word' id='word_1_121' title='bbox 1151 763 1292 796; x_wconf 82' lang='lat' dir='ltr'>fuerunt</span> <span class='ocrx_word' id='word_1_122' title='bbox 1323 763 1477 796; x_wconf 90' lang='lat' dir='ltr'>conflicti</span> <span class='ocrx_word' id='word_1_123' title='bbox 1507 764 1601 806; x_wconf 90' lang='lat' dir='ltr'>apud</span> <span class='ocrx_word' id='word_1_124' title='bbox 1631 763 1821 796; x_wconf 89' lang='lat' dir='ltr'>Forlivium</span> <span class='ocrx_word' id='word_1_125' title='bbox 1852 769 1888 796; x_wconf 87' lang='lat' dir='ltr'>et</span> <span class='ocrx_word' id='word_1_126' title='bbox 1917 769 2000 797; x_wconf 84' lang='lat' dir='ltr'>tunc</span> <span class='ocrx_word' id='word_1_127' title='bbox 2029 765 2091 797; x_wconf 91' lang='lat' dir='ltr'>do-</span> <span class='ocrx_word' id='word_1_128' title='bbox 2117 764 2157 796; x_wconf 84' lang='lat'>10</span> 
     </span>
     <span class='ocr_line' id='line_1_18' title="bbox 242 815 1739 859; baseline 0 -10"><span class='ocrx_word' id='word_1_129' title='bbox 242 817 354 849; x_wconf 87' lang='lat' dir='ltr'>minus</span> <span class='ocrx_word' id='word_1_130' title='bbox 376 816 548 859; x_wconf 87' lang='lat' dir='ltr'>Johannes</span> <span class='ocrx_word' id='word_1_131' title='bbox 572 816 616 849; x_wconf 92' lang='lat' dir='ltr'>de</span> <span class='ocrx_word' id='word_1_132' title='bbox 638 815 731 859; x_wconf 90' lang='lat' dir='ltr'>Apia</span> <span class='ocrx_word' id='word_1_133' title='bbox 755 817 798 849; x_wconf 92' lang='lat' dir='ltr'>de</span> <span class='ocrx_word' id='word_1_134' title='bbox 823 817 972 849; x_wconf 84' lang='lat' dir='ltr'>Francia</span> <span class='ocrx_word' id='word_1_135' title='bbox 995 822 1069 849; x_wconf 89' lang='lat' dir='ltr'>erat</span> <span class='ocrx_word' id='word_1_136' title='bbox 1093 816 1294 858; x_wconf 85' lang='lat' dir='ltr'>capitaneus</span> <span class='ocrx_word' id='word_1_137' title='bbox 1318 816 1489 848; x_wconf 90' lang='lat' dir='ltr'>dictorum</span> <span class='ocrx_word' id='word_1_138' title='bbox 1514 815 1739 849; x_wconf 85' lang='lat' dir='ltr'>Gallicorum.</span> 
     </span>
    </p>

    <p class='ocr_par' dir='ltr' id='par_1_12' title="bbox 241 868 2161 1377">
     <span class='ocr_line' id='line_1_19' title="bbox 332 868 2092 903; baseline 0.001 -1"><span class='ocrx_word' id='word_1_139' title='bbox 332 868 625 903; x_wconf 79' lang='lat' dir='ltr'>MCCLXXXII.</span> <span class='ocrx_word' id='word_1_140' title='bbox 659 887 700 892; x_wconf 93' lang='lat'><strong>—</strong></span> <span class='ocrx_word' id='word_1_141' title='bbox 739 869 893 902; x_wconf 91' lang='lat' dir='ltr'>Comune</span> <span class='ocrx_word' id='word_1_142' title='bbox 931 869 1107 901; x_wconf 87' lang='lat' dir='ltr'>Bononiae</span> <span class='ocrx_word' id='word_1_143' title='bbox 1146 869 1233 901; x_wconf 75' lang='lat' dir='ltr'>fecit</span> <span class='ocrx_word' id='word_1_144' title='bbox 1271 869 1444 902; x_wconf 84' lang='lat' dir='ltr'>fumantes</span> <span class='ocrx_word' id='word_1_145' title='bbox 1474 869 1656 902; x_wconf 83' lang='lat' dir='ltr'>comitatus</span> <span class='ocrx_word' id='word_1_146' title='bbox 1693 875 1728 902; x_wconf 86' lang='lat' dir='ltr'>et</span> <span class='ocrx_word' id='word_1_147' title='bbox 1759 870 1842 902; x_wconf 89' lang='lat' dir='ltr'>emit</span> <span class='ocrx_word' id='word_1_148' title='bbox 1872 879 1991 903; x_wconf 89' lang='lat' dir='ltr'>omnes</span> <span class='ocrx_word' id='word_1_149' title='bbox 2020 880 2092 903; x_wconf 87' lang='lat' dir='ltr'>ser-</span> 
     </span>
     <span class='ocr_line' id='line_1_20' title="bbox 242 921 2091 966; baseline 0.001 -11"><span class='ocrx_word' id='word_1_150' title='bbox 242 933 303 955; x_wconf 88' lang='lat' dir='ltr'>vos</span> <span class='ocrx_word' id='word_1_151' title='bbox 326 928 360 956; x_wconf 90' lang='lat' dir='ltr'>et</span> <span class='ocrx_word' id='word_1_152' title='bbox 383 923 526 955; x_wconf 84' lang='lat' dir='ltr'>ancillas</span> <span class='ocrx_word' id='word_1_153' title='bbox 548 923 592 956; x_wconf 84' lang='lat' dir='ltr'>ab</span> <span class='ocrx_word' id='word_1_154' title='bbox 615 922 773 955; x_wconf 88' lang='lat' dir='ltr'>omnibus</span> <span class='ocrx_word' id='word_1_155' title='bbox 796 922 968 955; x_wconf 90' lang='lat' dir='ltr'>nobilibus</span> <span class='ocrx_word' id='word_1_156' title='bbox 993 922 1142 954; x_wconf 83' lang='lat' dir='ltr'>civitatis</span> <span class='ocrx_word' id='word_1_157' title='bbox 1165 921 1342 954; x_wconf 87' lang='lat' dir='ltr'>Bononiae</span> <span class='ocrx_word' id='word_1_158' title='bbox 1373 932 1437 964; x_wconf 92' lang='lat' dir='ltr'>pro</span> <span class='ocrx_word' id='word_1_159' title='bbox 1460 922 1574 964; x_wconf 88' lang='lat' dir='ltr'>pretio</span> <span class='ocrx_word' id='word_1_160' title='bbox 1597 923 1698 955; x_wconf 89' lang='lat' dir='ltr'>unius</span> <span class='ocrx_word' id='word_1_161' title='bbox 1721 923 1816 955; x_wconf 77' lang='lat' dir='ltr'>statii</span> <span class='ocrx_word' id='word_1_162' title='bbox 1839 923 2005 956; x_wconf 74' lang='lat' dir='ltr'>frumenti</span> <span class='ocrx_word' id='word_1_163' title='bbox 2026 933 2091 966; x_wconf 88' lang='lat' dir='ltr'>pro</span> 
     </span>
     <span class='ocr_line' id='line_1_21' title="bbox 243 975 2092 1019; baseline 0 -11"><span class='ocrx_word' id='word_1_164' title='bbox 243 975 397 1019; x_wconf 90' lang='lat' dir='ltr'>quolibet</span> <span class='ocrx_word' id='word_1_165' title='bbox 420 976 479 1019; x_wconf 86' lang='lat' dir='ltr'>qui</span> <span class='ocrx_word' id='word_1_166' title='bbox 502 975 652 1008; x_wconf 88' lang='lat' dir='ltr'>habebat</span> <span class='ocrx_word' id='word_1_167' title='bbox 674 975 791 1014; x_wconf 86' lang='lat' dir='ltr'>boves,</span> <span class='ocrx_word' id='word_1_168' title='bbox 816 980 851 1008; x_wconf 91' lang='lat' dir='ltr'>et</span> <span class='ocrx_word' id='word_1_169' title='bbox 878 975 977 1007; x_wconf 91' lang='lat' dir='ltr'>unius</span> <span class='ocrx_word' id='word_1_170' title='bbox 1009 975 1227 1018; x_wconf 85' lang='lat' dir='ltr'>quartarolae</span> <span class='ocrx_word' id='word_1_171' title='bbox 1259 985 1323 1017; x_wconf 92' lang='lat' dir='ltr'>pro</span> <span class='ocrx_word' id='word_1_172' title='bbox 1356 975 1511 1018; x_wconf 89' lang='lat' dir='ltr'>quolibet</span> <span class='ocrx_word' id='word_1_173' title='bbox 1543 975 1587 1008; x_wconf 88' lang='lat' dir='ltr'>de</span> <span class='ocrx_word' id='word_1_174' title='bbox 1619 986 1740 1018; x_wconf 87' lang='lat' dir='ltr'>zappa.</span> <span class='ocrx_word' id='word_1_175' title='bbox 1786 975 1832 1008; x_wconf 93' lang='lat' dir='ltr'>Et</span> <span class='ocrx_word' id='word_1_176' title='bbox 1862 982 1945 1009; x_wconf 91' lang='lat' dir='ltr'>tunc</span> <span class='ocrx_word' id='word_1_177' title='bbox 1977 975 2092 1009; x_wconf 81' lang='lat' dir='ltr'>factae</span> 
     </span>
     <span class='ocr_line' id='line_1_22' title="bbox 242 1027 2158 1072; baseline -0.001 -11"><span class='ocrx_word' id='word_1_178' title='bbox 242 1029 382 1061; x_wconf 79' lang='lat' dir='ltr'>fuerunt</span> <span class='ocrx_word' id='word_1_179' title='bbox 405 1029 612 1071; x_wconf 88' lang='lat' dir='ltr'>potestariae</span> <span class='ocrx_word' id='word_1_180' title='bbox 637 1029 680 1061; x_wconf 89' lang='lat' dir='ltr'>de</span> <span class='ocrx_word' id='word_1_181' title='bbox 704 1028 842 1067; x_wconf 85' lang='lat' dir='ltr'>saccho,</span> <span class='ocrx_word' id='word_1_182' title='bbox 867 1039 954 1071; x_wconf 90' lang='lat' dir='ltr'>quae</span> <span class='ocrx_word' id='word_1_183' title='bbox 979 1038 1069 1061; x_wconf 88' lang='lat' dir='ltr'>anno</span> <span class='ocrx_word' id='word_1_184' title='bbox 1093 1028 1248 1072; x_wconf 91' lang='lat' dir='ltr'>quolibet</span> <span class='ocrx_word' id='word_1_185' title='bbox 1272 1028 1316 1061; x_wconf 89' lang='lat' dir='ltr'>de</span> <span class='ocrx_word' id='word_1_186' title='bbox 1340 1039 1457 1061; x_wconf 90' lang='lat' dir='ltr'>mense</span> <span class='ocrx_word' id='word_1_187' title='bbox 1481 1028 1679 1062; x_wconf 83' lang='lat' dir='ltr'>novembris</span> <span class='ocrx_word' id='word_1_188' title='bbox 1701 1029 1925 1062; x_wconf 87' lang='lat' dir='ltr'>mittebantur</span> <span class='ocrx_word' id='word_1_189' title='bbox 1946 1029 1993 1062; x_wconf 76' lang='lat' dir='ltr'>ad</span> <span class='ocrx_word' id='word_1_190' title='bbox 2014 1028 2094 1062; x_wconf 87' lang='lat' dir='ltr'>bre·</span> <span class='ocrx_word' id='word_1_191' title='bbox 2120 1027 2158 1061; x_wconf 87' lang='grc'>15</span> 
     </span>
     <span class='ocr_line' id='line_1_23' title="bbox 243 1081 2094 1125; baseline 0.001 -11"><span class='ocrx_word' id='word_1_192' title='bbox 243 1082 300 1114; x_wconf 80' lang='lat' dir='ltr'>via</span> <span class='ocrx_word' id='word_1_193' title='bbox 321 1082 357 1113; x_wconf 89' lang='lat' dir='ltr'>in</span> <span class='ocrx_word' id='word_1_194' title='bbox 380 1081 522 1114; x_wconf 87' lang='lat' dir='ltr'>consilio</span> <span class='ocrx_word' id='word_1_195' title='bbox 546 1091 670 1114; x_wconf 89' lang='lat' dir='ltr'>vocum</span> <span class='ocrx_word' id='word_1_196' title='bbox 694 1087 841 1125; x_wconf 85' lang='lat' dir='ltr'>quatuor</span> <span class='ocrx_word' id='word_1_197' title='bbox 855 1081 998 1114; x_wconf 84' lang='lat' dir='ltr'>minium</span> <span class='ocrx_word' id='word_1_198' title='bbox 1023 1082 1173 1114; x_wconf 87' lang='lat' dir='ltr'>civitatis</span> <span class='ocrx_word' id='word_1_199' title='bbox 1202 1081 1390 1120; x_wconf 87' lang='lat' dir='ltr'>Bononiae,</span> <span class='ocrx_word' id='word_1_200' title='bbox 1423 1087 1457 1114; x_wconf 89' lang='lat' dir='ltr'>et</span> <span class='ocrx_word' id='word_1_201' title='bbox 1489 1081 1635 1125; x_wconf 87' lang='lat' dir='ltr'>quilibet</span> <span class='ocrx_word' id='word_1_202' title='bbox 1664 1082 1707 1114; x_wconf 90' lang='lat' dir='ltr'>de</span> <span class='ocrx_word' id='word_1_203' title='bbox 1733 1082 1827 1115; x_wconf 88' lang='lat' dir='ltr'>dicto</span> <span class='ocrx_word' id='word_1_204' title='bbox 1851 1081 2005 1121; x_wconf 82' lang='lat' dir='ltr'>consilio,</span> <span class='ocrx_word' id='word_1_205' title='bbox 2037 1082 2094 1114; x_wconf 89' lang='lat' dir='ltr'>cui</span> 
     </span>
     <span class='ocr_line' id='line_1_24' title="bbox 241 1133 2094 1178; baseline 0 -11"><span class='ocrx_word' id='word_1_206' title='bbox 241 1134 288 1167; x_wconf 83' lang='lat' dir='ltr'>ad</span> <span class='ocrx_word' id='word_1_207' title='bbox 309 1133 482 1166; x_wconf 80' lang='lat' dir='ltr'>fortunam</span> <span class='ocrx_word' id='word_1_208' title='bbox 506 1133 729 1178; x_wconf 75' lang='lat' dir='ltr'>contingebat</span> <span class='ocrx_word' id='word_1_209' title='bbox 751 1144 820 1166; x_wconf 88' lang='lat' dir='ltr'>una</span> <span class='ocrx_word' id='word_1_210' title='bbox 843 1144 887 1166; x_wconf 84' lang='lat' dir='ltr'>ex</span> <span class='ocrx_word' id='word_1_211' title='bbox 912 1134 1015 1166; x_wconf 87' lang='lat' dir='ltr'>dictis</span> <span class='ocrx_word' id='word_1_212' title='bbox 1037 1134 1244 1176; x_wconf 88' lang='lat' dir='ltr'>potestariis,</span> <span class='ocrx_word' id='word_1_213' title='bbox 1268 1133 1419 1166; x_wconf 88' lang='lat' dir='ltr'>habebat</span> <span class='ocrx_word' id='word_1_214' title='bbox 1448 1133 1508 1166; x_wconf 89' lang='lat' dir='ltr'>illo</span> <span class='ocrx_word' id='word_1_215' title='bbox 1532 1143 1622 1167; x_wconf 87' lang='lat' dir='ltr'>anno</span> <span class='ocrx_word' id='word_1_216' title='bbox 1645 1145 1667 1166; x_wconf 90' lang='lat' dir='ltr'>a</span> <span class='ocrx_word' id='word_1_217' title='bbox 1689 1144 1908 1178; x_wconf 88' lang='lat' dir='ltr'>quocumque</span> <span class='ocrx_word' id='word_1_218' title='bbox 1938 1135 2094 1168; x_wconf 73' lang='lat' dir='ltr'>fumante</span> 
     </span>
     <span class='ocr_line' id='line_1_25' title="bbox 241 1186 2095 1230; baseline 0.001 -11"><span class='ocrx_word' id='word_1_219' title='bbox 241 1186 332 1219; x_wconf 91' lang='lat' dir='ltr'>illius</span> <span class='ocrx_word' id='word_1_220' title='bbox 355 1186 456 1219; x_wconf 87' lang='lat' dir='ltr'>villae</span> <span class='ocrx_word' id='word_1_221' title='bbox 479 1197 584 1219; x_wconf 92' lang='lat' dir='ltr'>unum</span> <span class='ocrx_word' id='word_1_222' title='bbox 606 1187 746 1219; x_wconf 86' lang='lat' dir='ltr'>starium</span> <span class='ocrx_word' id='word_1_223' title='bbox 768 1187 933 1219; x_wconf 80' lang='lat' dir='ltr'>frumenti</span> <span class='ocrx_word' id='word_1_224' title='bbox 956 1187 999 1219; x_wconf 89' lang='lat' dir='ltr'>ab</span> <span class='ocrx_word' id='word_1_225' title='bbox 1022 1187 1083 1219; x_wconf 92' lang='lat' dir='ltr'>illo</span> <span class='ocrx_word' id='word_1_226' title='bbox 1115 1187 1159 1219; x_wconf 90' lang='lat' dir='ltr'>de</span> <span class='ocrx_word' id='word_1_227' title='bbox 1190 1186 1300 1219; x_wconf 91' lang='lat' dir='ltr'>bobus</span> <span class='ocrx_word' id='word_1_228' title='bbox 1330 1192 1365 1219; x_wconf 89' lang='lat' dir='ltr'>et</span> <span class='ocrx_word' id='word_1_229' title='bbox 1394 1197 1496 1219; x_wconf 90' lang='lat' dir='ltr'>unam</span> <span class='ocrx_word' id='word_1_230' title='bbox 1526 1187 1757 1230; x_wconf 86' lang='lat' dir='ltr'>quartarolam</span> <span class='ocrx_word' id='word_1_231' title='bbox 1780 1187 1946 1220; x_wconf 81' lang='lat' dir='ltr'>frumenti</span> <span class='ocrx_word' id='word_1_232' title='bbox 1968 1187 2012 1220; x_wconf 86' lang='lat' dir='ltr'>ab</span> <span class='ocrx_word' id='word_1_233' title='bbox 2035 1186 2095 1220; x_wconf 90' lang='lat' dir='ltr'>illo</span> 
     </span>
     <span class='ocr_line' id='line_1_26' title="bbox 243 1239 2094 1282; baseline 0.001 -10"><span class='ocrx_word' id='word_1_234' title='bbox 243 1240 287 1272; x_wconf 88' lang='lat' dir='ltr'>de</span> <span class='ocrx_word' id='word_1_235' title='bbox 320 1249 441 1282; x_wconf 76' lang='lat' dir='ltr'>aappa.</span> <span class='ocrx_word' id='word_1_236' title='bbox 487 1240 533 1272; x_wconf 85' lang='lat' dir='ltr'>Et</span> <span class='ocrx_word' id='word_1_237' title='bbox 566 1250 630 1282; x_wconf 89' lang='lat' dir='ltr'>per</span> <span class='ocrx_word' id='word_1_238' title='bbox 659 1240 760 1272; x_wconf 91' lang='lat' dir='ltr'>istum</span> <span class='ocrx_word' id='word_1_239' title='bbox 791 1239 919 1272; x_wconf 93' lang='lat' dir='ltr'>bonum</span> <span class='ocrx_word' id='word_1_240' title='bbox 949 1239 1089 1271; x_wconf 89' lang='lat' dir='ltr'>modum</span> <span class='ocrx_word' id='word_1_241' title='bbox 1121 1250 1266 1272; x_wconf 88' lang='lat' dir='ltr'>comune</span> <span class='ocrx_word' id='word_1_242' title='bbox 1298 1239 1476 1272; x_wconf 89' lang='lat' dir='ltr'>Bononiae</span> <span class='ocrx_word' id='word_1_243' title='bbox 1509 1240 1661 1272; x_wconf 82' lang='lat' dir='ltr'>extraxit</span> <span class='ocrx_word' id='word_1_244' title='bbox 1692 1250 1771 1273; x_wconf 82' lang='lat' dir='ltr'>suos</span> <span class='ocrx_word' id='word_1_245' title='bbox 1801 1239 2020 1273; x_wconf 81' lang='lat' dir='ltr'>comitatinos</span> <span class='ocrx_word' id='word_1_246' title='bbox 2049 1241 2094 1273; x_wconf 91' lang='lat' dir='ltr'>de</span> 
     </span>
     <span class='ocr_line' id='line_1_27' title="bbox 242 1292 2161 1336; baseline 0.001 -11"><span class='ocrx_word' id='word_1_247' title='bbox 242 1293 407 1326; x_wconf 79' lang='lat' dir='ltr'>servitute</span> <span class='ocrx_word' id='word_1_248' title='bbox 435 1298 470 1326; x_wconf 88' lang='lat' dir='ltr'>et</span> <span class='ocrx_word' id='word_1_249' title='bbox 501 1294 546 1326; x_wconf 85' lang='lat' dir='ltr'>de</span> <span class='ocrx_word' id='word_1_250' title='bbox 576 1293 734 1326; x_wconf 89' lang='lat' dir='ltr'>manibus</span> <span class='ocrx_word' id='word_1_251' title='bbox 756 1292 922 1326; x_wconf 91' lang='lat' dir='ltr'>nobilium</span> <span class='ocrx_word' id='word_1_252' title='bbox 953 1293 1103 1325; x_wconf 85' lang='lat' dir='ltr'>civitatis</span> <span class='ocrx_word' id='word_1_253' title='bbox 1126 1293 1314 1332; x_wconf 88' lang='lat' dir='ltr'>Bononiae,</span> <span class='ocrx_word' id='word_1_254' title='bbox 1339 1302 1483 1336; x_wconf 91' lang='lat' dir='ltr'>quorum</span> <span class='ocrx_word' id='word_1_255' title='bbox 1507 1293 1574 1336; x_wconf 84' lang='lat' dir='ltr'>ipsi</span> <span class='ocrx_word' id='word_1_256' title='bbox 1597 1294 1770 1326; x_wconf 73' lang='lat' dir='ltr'>fumantes</span> <span class='ocrx_word' id='word_1_257' title='bbox 1793 1299 1892 1326; x_wconf 86' lang='lat' dir='ltr'>erant</span> <span class='ocrx_word' id='word_1_258' title='bbox 1915 1293 2036 1327; x_wconf 90' lang='lat' dir='ltr'>fideles</span> <span class='ocrx_word' id='word_1_259' title='bbox 2059 1299 2095 1326; x_wconf 89' lang='lat' dir='ltr'>et</span> <span class='ocrx_word' id='word_1_260' title='bbox 2118 1294 2161 1326; x_wconf 89' lang='lat'>20</span> 
     </span>
     <span class='ocr_line' id='line_1_28' title="bbox 243 1354 345 1377; baseline 0.02 -2"><span class='ocrx_word' id='word_1_261' title='bbox 243 1354 345 1377; x_wconf 71' lang='lat' dir='ltr'>servr-</span> 
     </span>
    </p>

    <p class='ocr_par' dir='ltr' id='par_1_13' title="bbox 244 1394 2096 1491">
     <span class='ocr_line' id='line_1_29' title="bbox 334 1394 2096 1440; baseline 0.001 -12"><span class='ocrx_word' id='word_1_262' title='bbox 334 1394 645 1429; x_wconf 85' lang='lat' dir='ltr'>M.CCLXXXIII.</span> <span class='ocrx_word' id='word_1_263' title='bbox 670 1413 711 1418; x_wconf 87' lang='lat'>—-</span> <span class='ocrx_word' id='word_1_264' title='bbox 734 1395 901 1427; x_wconf 86' lang='lat' dir='ltr'>Dominus</span> <span class='ocrx_word' id='word_1_265' title='bbox 915 1395 1120 1428; x_wconf 84' lang='lat' dir='ltr'>Nicolucius</span> <span class='ocrx_word' id='word_1_266' title='bbox 1135 1396 1178 1428; x_wconf 90' lang='lat' dir='ltr'>de</span> <span class='ocrx_word' id='word_1_267' title='bbox 1202 1395 1284 1428; x_wconf 90' lang='lat' dir='ltr'>Esio</span> <span class='ocrx_word' id='word_1_268' title='bbox 1300 1396 1367 1428; x_wconf 76' lang='lat' dir='ltr'>fuit</span> <span class='ocrx_word' id='word_1_269' title='bbox 1382 1401 1533 1438; x_wconf 88' lang='lat' dir='ltr'>potestas</span> <span class='ocrx_word' id='word_1_270' title='bbox 1548 1396 1735 1429; x_wconf 88' lang='lat' dir='ltr'>Bononiae.</span> <span class='ocrx_word' id='word_1_271' title='bbox 1783 1397 1950 1429; x_wconf 82' lang='lat' dir='ltr'>Dominus</span> <span class='ocrx_word' id='word_1_272' title='bbox 1967 1395 2096 1440; x_wconf 82' lang='lat' dir='ltr'>Johan-</span> 
     </span>
     <span class='ocr_line' id='line_1_30' title="bbox 244 1448 1242 1491; baseline 0.001 -11"><span class='ocrx_word' id='word_1_273' title='bbox 244 1458 307 1481; x_wconf 85' lang='lat' dir='ltr'>nes</span> <span class='ocrx_word' id='word_1_274' title='bbox 329 1449 373 1482; x_wconf 84' lang='lat' dir='ltr'>de</span> <span class='ocrx_word' id='word_1_275' title='bbox 396 1448 574 1482; x_wconf 82' lang='lat' dir='ltr'>Passarolo</span> <span class='ocrx_word' id='word_1_276' title='bbox 597 1448 664 1481; x_wconf 76' lang='lat' dir='ltr'>fuit</span> <span class='ocrx_word' id='word_1_277' title='bbox 688 1449 888 1490; x_wconf 82' lang='lat' dir='ltr'>capitaneus</span> <span class='ocrx_word' id='word_1_278' title='bbox 910 1448 1031 1491; x_wconf 86' lang='lat' dir='ltr'>populi</span> <span class='ocrx_word' id='word_1_279' title='bbox 1053 1448 1242 1481; x_wconf 88' lang='lat' dir='ltr'>Bononiae.</span> 
     </span>
    </p>

    <p class='ocr_par' dir='ltr' id='par_1_14' title="bbox 244 1500 2161 1649">
     <span class='ocr_line' id='line_1_31' title="bbox 331 1500 2096 1547; baseline 0.002 -13"><span class='ocrx_word' id='word_1_280' title='bbox 331 1502 466 1535; x_wconf 85' lang='lat' dir='ltr'>Eodem</span> <span class='ocrx_word' id='word_1_281' title='bbox 495 1511 595 1535; x_wconf 89' lang='lat' dir='ltr'>anno.</span> <span class='ocrx_word' id='word_1_282' title='bbox 627 1519 669 1525; x_wconf 93' lang='lat'><strong>—</strong></span> <span class='ocrx_word' id='word_1_283' title='bbox 699 1501 866 1534; x_wconf 88' lang='lat' dir='ltr'>Dominus</span> <span class='ocrx_word' id='word_1_284' title='bbox 887 1500 987 1546; x_wconf 74' lang='lat' dir='ltr'>Acco</span> <span class='ocrx_word' id='word_1_285' title='bbox 1018 1502 1173 1535; x_wconf 88' lang='lat' dir='ltr'>marchio</span> <span class='ocrx_word' id='word_1_286' title='bbox 1197 1502 1359 1542; x_wconf 86' lang='lat' dir='ltr'>Estensis,</span> <span class='ocrx_word' id='word_1_287' title='bbox 1391 1503 1479 1536; x_wconf 86' lang='lat' dir='ltr'>filius</span> <span class='ocrx_word' id='word_1_288' title='bbox 1510 1504 1640 1536; x_wconf 90' lang='lat' dir='ltr'>domini</span> <span class='ocrx_word' id='word_1_289' title='bbox 1663 1503 1871 1537; x_wconf 88' lang='lat' dir='ltr'>marchionis</span> <span class='ocrx_word' id='word_1_290' title='bbox 1894 1503 2096 1547; x_wconf 69' lang='lat' dir='ltr'>Oppiconis,</span> 
     </span>
     <span class='ocr_line' id='line_1_32' title="bbox 244 1554 2161 1597; baseline 0.001 -11"><span class='ocrx_word' id='word_1_291' title='bbox 244 1554 344 1587; x_wconf 82' lang='lat' dir='ltr'>duxit</span> <span class='ocrx_word' id='word_1_292' title='bbox 365 1554 402 1587; x_wconf 88' lang='lat' dir='ltr'>in</span> <span class='ocrx_word' id='word_1_293' title='bbox 424 1564 568 1587; x_wconf 85' lang='lat' dir='ltr'>uxorem</span> <span class='ocrx_word' id='word_1_294' title='bbox 592 1554 764 1587; x_wconf 83' lang='lat' dir='ltr'>dominam</span> <span class='ocrx_word' id='word_1_295' title='bbox 788 1554 979 1597; x_wconf 73' lang='lat' dir='ltr'>johannam</span> <span class='ocrx_word' id='word_1_296' title='bbox 1004 1555 1048 1587; x_wconf 92' lang='lat' dir='ltr'>de</span> <span class='ocrx_word' id='word_1_297' title='bbox 1071 1554 1207 1587; x_wconf 86' lang='lat' dir='ltr'>Ursinis</span> <span class='ocrx_word' id='word_1_298' title='bbox 1238 1555 1283 1588; x_wconf 90' lang='lat' dir='ltr'>de</span> <span class='ocrx_word' id='word_1_299' title='bbox 1313 1556 1438 1595; x_wconf 86' lang='lat' dir='ltr'>Roma,</span> <span class='ocrx_word' id='word_1_300' title='bbox 1462 1556 1707 1590; x_wconf 87' lang='lat' dir='ltr'>nobilissimam</span> <span class='ocrx_word' id='word_1_301' title='bbox 1732 1557 1914 1596; x_wconf 86' lang='lat' dir='ltr'>dominam,</span> <span class='ocrx_word' id='word_1_302' title='bbox 1938 1561 1974 1590; x_wconf 86' lang='lat' dir='ltr'>et</span> <span class='ocrx_word' id='word_1_303' title='bbox 1997 1556 2096 1589; x_wconf 78' lang='lat' dir='ltr'>duxit</span> <span class='ocrx_word' id='word_1_304' title='bbox 2119 1554 2161 1588; x_wconf 87' lang='lat'>25</span> 
     </span>
     <span class='ocr_line' id='line_1_33' title="bbox 244 1607 639 1649; baseline 0.008 -11"><span class='ocrx_word' id='word_1_305' title='bbox 244 1607 352 1649; x_wconf 89' lang='lat' dir='ltr'>ipsam</span> <span class='ocrx_word' id='word_1_306' title='bbox 375 1607 412 1638; x_wconf 91' lang='lat' dir='ltr'>in</span> <span class='ocrx_word' id='word_1_307' title='bbox 434 1607 639 1640; x_wconf 88' lang='lat' dir='ltr'>Ferrariam.</span> 
     </span>
    </p>

    <p class='ocr_par' dir='ltr' id='par_1_15' title="bbox 244 1660 2098 1808">
     <span class='ocr_line' id='line_1_34' title="bbox 333 1660 2098 1696; baseline 0.002 -3"><span class='ocrx_word' id='word_1_308' title='bbox 333 1660 468 1694; x_wconf 81' lang='lat' dir='ltr'>Eodem</span> <span class='ocrx_word' id='word_1_309' title='bbox 491 1670 592 1694; x_wconf 72' lang='lat' dir='ltr'>anno.</span> <span class='ocrx_word' id='word_1_310' title='bbox 617 1679 659 1683; x_wconf 86' lang='lat'>—-</span> <span class='ocrx_word' id='word_1_311' title='bbox 682 1660 813 1694; x_wconf 85' lang='lat' dir='ltr'>Civitas</span> <span class='ocrx_word' id='word_1_312' title='bbox 835 1661 979 1694; x_wconf 87' lang='lat' dir='ltr'>Forlivii</span> <span class='ocrx_word' id='word_1_313' title='bbox 1001 1662 1097 1694; x_wconf 87' lang='lat' dir='ltr'>venit</span> <span class='ocrx_word' id='word_1_314' title='bbox 1120 1662 1165 1694; x_wconf 90' lang='lat' dir='ltr'>ad</span> <span class='ocrx_word' id='word_1_315' title='bbox 1188 1663 1350 1695; x_wconf 86' lang='lat' dir='ltr'>mandata</span> <span class='ocrx_word' id='word_1_316' title='bbox 1373 1668 1514 1696; x_wconf 83' lang='lat' dir='ltr'>sanctae</span> <span class='ocrx_word' id='word_1_317' title='bbox 1545 1673 1707 1696; x_wconf 87' lang='lat' dir='ltr'>romanae</span> <span class='ocrx_word' id='word_1_318' title='bbox 1739 1664 1922 1696; x_wconf 88' lang='lat' dir='ltr'>Ecclesiae</span> <span class='ocrx_word' id='word_1_319' title='bbox 1954 1668 1990 1696; x_wconf 83' lang='lat' dir='ltr'>et</span> <span class='ocrx_word' id='word_1_320' title='bbox 2020 1663 2098 1696; x_wconf 80' lang='lat' dir='ltr'>fue-</span> 
     </span>
     <span class='ocr_line' id='line_1_35' title="bbox 244 1713 2097 1760; baseline 0.001 -14"><span class='ocrx_word' id='word_1_321' title='bbox 244 1719 323 1746; x_wconf 91' lang='lat' dir='ltr'>runt</span> <span class='ocrx_word' id='word_1_322' title='bbox 345 1713 521 1755; x_wconf 86' lang='lat' dir='ltr'>splanatae</span> <span class='ocrx_word' id='word_1_323' title='bbox 543 1713 656 1746; x_wconf 76' lang='lat' dir='ltr'>fossae</span> <span class='ocrx_word' id='word_1_324' title='bbox 681 1714 796 1747; x_wconf 88' lang='lat' dir='ltr'>dictae</span> <span class='ocrx_word' id='word_1_325' title='bbox 814 1715 971 1747; x_wconf 87' lang='lat' dir='ltr'>civitatis.</span> <span class='ocrx_word' id='word_1_326' title='bbox 1018 1715 1065 1747; x_wconf 90' lang='lat' dir='ltr'>Et</span> <span class='ocrx_word' id='word_1_327' title='bbox 1087 1721 1170 1748; x_wconf 91' lang='lat' dir='ltr'>tunc</span> <span class='ocrx_word' id='word_1_328' title='bbox 1195 1725 1313 1748; x_wconf 88' lang='lat' dir='ltr'>omnes</span> <span class='ocrx_word' id='word_1_329' title='bbox 1337 1715 1529 1749; x_wconf 89' lang='lat' dir='ltr'>Ghibellini</span> <span class='ocrx_word' id='word_1_330' title='bbox 1546 1717 1695 1749; x_wconf 85' lang='lat' dir='ltr'>civitatis</span> <span class='ocrx_word' id='word_1_331' title='bbox 1711 1716 1898 1755; x_wconf 86' lang='lat' dir='ltr'>Bononiae,</span> <span class='ocrx_word' id='word_1_332' title='bbox 1922 1717 1982 1760; x_wconf 89' lang='lat' dir='ltr'>qui</span> <span class='ocrx_word' id='word_1_333' title='bbox 1998 1721 2097 1750; x_wconf 84' lang='lat' dir='ltr'>erant</span> 
     </span>
     <span class='ocr_line' id='line_1_36' title="bbox 244 1766 1046 1808; baseline -0.001 -7"><span class='ocrx_word' id='word_1_334' title='bbox 244 1766 280 1800; x_wconf 83' lang='lat' dir='ltr'>in</span> <span class='ocrx_word' id='word_1_335' title='bbox 303 1766 466 1805; x_wconf 87' lang='lat' dir='ltr'>Forlivio,</span> <span class='ocrx_word' id='word_1_336' title='bbox 491 1766 626 1808; x_wconf 80' lang='lat' dir='ltr'>expulsi</span> <span class='ocrx_word' id='word_1_337' title='bbox 648 1766 790 1799; x_wconf 79' lang='lat' dir='ltr'>fuerunt</span> <span class='ocrx_word' id='word_1_338' title='bbox 814 1767 858 1799; x_wconf 92' lang='lat' dir='ltr'>de</span> <span class='ocrx_word' id='word_1_339' title='bbox 882 1768 1046 1800; x_wconf 88' lang='lat' dir='ltr'>Forlivio.</span> 
     </span>
    </p>

    <p class='ocr_par' dir='ltr' id='par_1_16' title="bbox 243 1818 2164 2021">
     <span class='ocr_line' id='line_1_37' title="bbox 333 1818 2164 1862; baseline 0.002 -11"><span class='ocrx_word' id='word_1_340' title='bbox 333 1818 661 1852; x_wconf 90' lang='lat' dir='ltr'>M.CCLXXXIIII.</span> <span class='ocrx_word' id='word_1_341' title='bbox 687 1837 728 1842; x_wconf 87' lang='lat'><em>-</em></span> <span class='ocrx_word' id='word_1_342' title='bbox 751 1820 919 1853; x_wconf 85' lang='lat' dir='ltr'>Dominus</span> <span class='ocrx_word' id='word_1_343' title='bbox 942 1820 1121 1854; x_wconf 85' lang='lat' dir='ltr'>Gerardus</span> <span class='ocrx_word' id='word_1_344' title='bbox 1152 1821 1196 1854; x_wconf 93' lang='lat' dir='ltr'>de</span> <span class='ocrx_word' id='word_1_345' title='bbox 1227 1822 1411 1862; x_wconf 83' lang='lat' dir='ltr'>Bustichis,</span> <span class='ocrx_word' id='word_1_346' title='bbox 1436 1823 1594 1856; x_wconf 85' lang='lat' dir='ltr'>dominus</span> <span class='ocrx_word' id='word_1_347' title='bbox 1624 1833 1739 1856; x_wconf 88' lang='lat' dir='ltr'>comes</span> <span class='ocrx_word' id='word_1_348' title='bbox 1770 1823 1932 1857; x_wconf 83' lang='lat' dir='ltr'>Tadaeus</span> <span class='ocrx_word' id='word_1_349' title='bbox 1955 1823 2098 1856; x_wconf 76' lang='lat' dir='ltr'>fuerunt</span> <span class='ocrx_word' id='word_1_350' title='bbox 2120 1822 2164 1855; x_wconf 79' lang='lat'>³0</span> 
     </span>
     <span class='ocr_line' id='line_1_38' title="bbox 245 1872 2133 1919; baseline 0.002 -13"><span class='ocrx_word' id='word_1_351' title='bbox 245 1873 418 1915; x_wconf 80' lang='lat' dir='ltr'>capitanei</span> <span class='ocrx_word' id='word_1_352' title='bbox 440 1873 560 1915; x_wconf 78' lang='lat' dir='ltr'>populi</span> <span class='ocrx_word' id='word_1_353' title='bbox 582 1872 771 1911; x_wconf 79' lang='lat' dir='ltr'>Bononiae,</span> <span class='ocrx_word' id='word_1_354' title='bbox 795 1883 882 1906; x_wconf 83' lang='lat' dir='ltr'>nnus</span> <span class='ocrx_word' id='word_1_355' title='bbox 912 1883 977 1916; x_wconf 88' lang='lat' dir='ltr'>pro</span> <span class='ocrx_word' id='word_1_356' title='bbox 999 1875 1120 1916; x_wconf 85' lang='lat' dir='ltr'>primis</span> <span class='ocrx_word' id='word_1_357' title='bbox 1142 1885 1204 1907; x_wconf 84' lang='lat' dir='ltr'>sex</span> <span class='ocrx_word' id='word_1_358' title='bbox 1227 1876 1400 1909; x_wconf 86' lang='lat' dir='ltr'>mensibus</span> <span class='ocrx_word' id='word_1_359' title='bbox 1431 1881 1466 1908; x_wconf 92' lang='lat' dir='ltr'>et</span> <span class='ocrx_word' id='word_1_360' title='bbox 1497 1877 1586 1909; x_wconf 88' lang='lat' dir='ltr'>alter</span> <span class='ocrx_word' id='word_1_361' title='bbox 1615 1887 1679 1919; x_wconf 92' lang='lat' dir='ltr'>pro</span> <span class='ocrx_word' id='word_1_362' title='bbox 1707 1877 1878 1909; x_wconf 88' lang='lat' dir='ltr'>secundis.</span> <span class='ocrx_word' id='word_1_363' title='bbox 1924 1876 2098 1919; x_wconf 71' lang='lat' dir='ltr'>johannes</span> <span class='ocrx_word' id='word_1_364' title='bbox 2131 1874 2133 1876; x_wconf 66' lang='grc'>’</span> 
     </span>
     <span class='ocr_line' id='line_1_39' title="bbox 243 1925 2099 1970; baseline 0.003 -13"><span class='ocrx_word' id='word_1_365' title='bbox 243 1925 463 1958; x_wconf 86' lang='lat' dir='ltr'>Palastrellus</span> <span class='ocrx_word' id='word_1_366' title='bbox 485 1925 553 1958; x_wconf 79' lang='lat' dir='ltr'>fuit</span> <span class='ocrx_word' id='word_1_367' title='bbox 575 1930 727 1968; x_wconf 87' lang='lat' dir='ltr'>potestas</span> <span class='ocrx_word' id='word_1_368' title='bbox 742 1925 919 1959; x_wconf 83' lang='lat' dir='ltr'>Bononiae</span> <span class='ocrx_word' id='word_1_369' title='bbox 936 1937 1000 1969; x_wconf 90' lang='lat' dir='ltr'>pro</span> <span class='ocrx_word' id='word_1_370' title='bbox 1024 1927 1143 1970; x_wconf 89' lang='lat' dir='ltr'>primis</span> <span class='ocrx_word' id='word_1_371' title='bbox 1159 1938 1220 1960; x_wconf 88' lang='lat' dir='ltr'>sex</span> <span class='ocrx_word' id='word_1_372' title='bbox 1237 1929 1422 1962; x_wconf 90' lang='lat' dir='ltr'>mensibus.</span> <span class='ocrx_word' id='word_1_373' title='bbox 1468 1929 1648 1962; x_wconf 88' lang='lat' dir='ltr'>Tebaldus</span> <span class='ocrx_word' id='word_1_374' title='bbox 1665 1930 1708 1962; x_wconf 89' lang='lat' dir='ltr'>de</span> <span class='ocrx_word' id='word_1_375' title='bbox 1725 1929 1888 1962; x_wconf 86' lang='lat' dir='ltr'>Bruxatis</span> <span class='ocrx_word' id='word_1_376' title='bbox 1911 1929 1955 1962; x_wconf 90' lang='lat' dir='ltr'>de</span> <span class='ocrx_word' id='word_1_377' title='bbox 1978 1926 2099 1962; x_wconf 83' lang='lat' dir='ltr'>Brixia</span> 
     </span>
     <span class='ocr_line' id='line_1_40' title="bbox 245 1978 967 2021; baseline 0.003 -11"><span class='ocrx_word' id='word_1_378' title='bbox 245 1978 312 2011; x_wconf 85' lang='lat' dir='ltr'>fuit</span> <span class='ocrx_word' id='word_1_379' title='bbox 333 1983 485 2021; x_wconf 84' lang='lat' dir='ltr'>potestas</span> <span class='ocrx_word' id='word_1_380' title='bbox 506 1978 683 2013; x_wconf 78' lang='lat' dir='ltr'>Bononiae</span> <span class='ocrx_word' id='word_1_381' title='bbox 707 1988 771 2021; x_wconf 84' lang='lat' dir='ltr'>pro</span> <span class='ocrx_word' id='word_1_382' title='bbox 794 1979 967 2012; x_wconf 87' lang='lat' dir='ltr'>secundis.</span> 
     </span>
    </p>
   </div>
   <div class='ocr_carea' id='block_1_8' title="bbox 331 2031 2099 2079">
    <p class='ocr_par' dir='ltr' id='par_1_17' title="bbox 331 2031 2099 2079">
     <span class='ocr_line' id='line_1_41' title="bbox 331 2031 2099 2079; baseline 0.002 -13"><span class='ocrx_word' id='word_1_383' title='bbox 331 2031 467 2066; x_wconf 80' lang='lat' dir='ltr'>Eodem</span> <span class='ocrx_word' id='word_1_384' title='bbox 489 2041 589 2065; x_wconf 81' lang='lat' dir='ltr'>anno.</span> <span class='ocrx_word' id='word_1_385' title='bbox 607 2048 649 2056; x_wconf 85' lang='lat'>-—-</span> <span class='ocrx_word' id='word_1_386' title='bbox 672 2031 851 2071; x_wconf 81' lang='lat' dir='ltr'>Charolus,</span> <span class='ocrx_word' id='word_1_387' title='bbox 873 2032 963 2065; x_wconf 86' lang='lat' dir='ltr'>filius</span> <span class='ocrx_word' id='word_1_388' title='bbox 985 2034 1078 2077; x_wconf 84' lang='lat' dir='ltr'>regis</span> <span class='ocrx_word' id='word_1_389' title='bbox 1100 2034 1234 2074; x_wconf 87' lang='lat' dir='ltr'>Karoli,</span> <span class='ocrx_word' id='word_1_390' title='bbox 1258 2036 1318 2078; x_wconf 88' lang='lat' dir='ltr'>qui</span> <span class='ocrx_word' id='word_1_391' title='bbox 1342 2041 1416 2068; x_wconf 87' lang='lat' dir='ltr'>erat</span> <span class='ocrx_word' id='word_1_392' title='bbox 1439 2036 1614 2079; x_wconf 88' lang='lat' dir='ltr'>princeps,</span> <span class='ocrx_word' id='word_1_393' title='bbox 1639 2042 1760 2079; x_wconf 86' lang='lat' dir='ltr'>captus</span> <span class='ocrx_word' id='word_1_394' title='bbox 1784 2037 1850 2069; x_wconf 77' lang='lat' dir='ltr'>fuit</span> <span class='ocrx_word' id='word_1_395' title='bbox 1873 2036 1917 2069; x_wconf 87' lang='lat' dir='ltr'>ab</span> <span class='ocrx_word' id='word_1_396' title='bbox 1940 2036 2099 2069; x_wconf 88' lang='lat' dir='ltr'>exercitu</span> 
     </span>
    </p>
   </div>
   <div class='ocr_carea' id='block_1_9' title="bbox 238 2083 2162 2132">
    <p class='ocr_par' dir='ltr' id='par_1_18' title="bbox 238 2083 2162 2132">
     <span class='ocr_line' id='line_1_42' title="bbox 238 2083 2162 2132; baseline 0.003 -17"><span class='ocrx_word' id='word_1_397' title='bbox 238 2085 336 2129; x_wconf 19' lang='lat' dir='ltr'>*regis</span> <span class='ocrx_word' id='word_1_398' title='bbox 357 2083 454 2119; x_wconf 82' lang='lat' dir='ltr'>Petri</span> <span class='ocrx_word' id='word_1_399' title='bbox 477 2084 523 2119; x_wconf 82' lang='lat' dir='ltr'>de</span> <span class='ocrx_word' id='word_1_400' title='bbox 546 2084 695 2128; x_wconf 85' lang='lat' dir='ltr'>Ragona</span> <span class='ocrx_word' id='word_1_401' title='bbox 717 2089 753 2117; x_wconf 87' lang='lat' dir='ltr'>et</span> <span class='ocrx_word' id='word_1_402' title='bbox 775 2094 921 2118; x_wconf 88' lang='lat' dir='ltr'>comune</span> <span class='ocrx_word' id='word_1_403' title='bbox 944 2085 1121 2120; x_wconf 83' lang='lat' dir='ltr'>Bononiae</span> <span class='ocrx_word' id='word_1_404' title='bbox 1149 2088 1240 2120; x_wconf 81' lang='lat' dir='ltr'>misit</span> <span class='ocrx_word' id='word_1_405' title='bbox 1262 2089 1299 2120; x_wconf 90' lang='lat' dir='ltr'>in</span> <span class='ocrx_word' id='word_1_406' title='bbox 1322 2088 1487 2121; x_wconf 83' lang='lat' dir='ltr'>auxilium</span> <span class='ocrx_word' id='word_1_407' title='bbox 1510 2089 1617 2131; x_wconf 86' lang='lat' dir='ltr'>ipsius</span> <span class='ocrx_word' id='word_1_408' title='bbox 1640 2089 1764 2122; x_wconf 86' lang='lat' dir='ltr'>Karoli</span> <span class='ocrx_word' id='word_1_409' title='bbox 1786 2092 1858 2121; x_wconf 78' lang='lat'>1111⁶</span> <span class='ocrx_word' id='word_1_410' title='bbox 1880 2088 2026 2132; x_wconf 77' lang='lat' dir='ltr'>pedites.</span> <span class='ocrx_word' id='word_1_411' title='bbox 2121 2086 2162 2120; x_wconf 87' lang='grc'>35</span> 
     </span>
    </p>
   </div>
   <div class='ocr_carea' id='block_1_10' title="bbox 243 2137 2165 2874">
    <p class='ocr_par' dir='ltr' id='par_1_19' title="bbox 243 2137 2100 2288">
     <span class='ocr_line' id='line_1_43' title="bbox 332 2137 2100 2185; baseline 0.002 -13"><span class='ocrx_word' id='word_1_412' title='bbox 332 2137 466 2172; x_wconf 79' lang='lat' dir='ltr'>Eodem</span> <span class='ocrx_word' id='word_1_413' title='bbox 489 2147 590 2172; x_wconf 81' lang='lat' dir='ltr'>anno.</span> <span class='ocrx_word' id='word_1_414' title='bbox 614 2155 656 2161; x_wconf 86' lang='lat'><em>—</em></span> <span class='ocrx_word' id='word_1_415' title='bbox 678 2137 846 2171; x_wconf 82' lang='lat' dir='ltr'>Dominus</span> <span class='ocrx_word' id='word_1_416' title='bbox 867 2137 1034 2172; x_wconf 87' lang='lat' dir='ltr'>Albertus</span> <span class='ocrx_word' id='word_1_417' title='bbox 1057 2140 1100 2173; x_wconf 89' lang='lat' dir='ltr'>de</span> <span class='ocrx_word' id='word_1_418' title='bbox 1124 2141 1377 2185; x_wconf 89' lang='lat' dir='ltr'>Ranghonibus</span> <span class='ocrx_word' id='word_1_419' title='bbox 1401 2142 1446 2175; x_wconf 90' lang='lat' dir='ltr'>de</span> <span class='ocrx_word' id='word_1_420' title='bbox 1467 2141 1604 2175; x_wconf 90' lang='lat' dir='ltr'>Mutina</span> <span class='ocrx_word' id='word_1_421' title='bbox 1635 2143 1702 2175; x_wconf 82' lang='lat' dir='ltr'>fuit</span> <span class='ocrx_word' id='word_1_422' title='bbox 1732 2143 1847 2175; x_wconf 79' lang='lat' dir='ltr'>factus</span> <span class='ocrx_word' id='word_1_423' title='bbox 1873 2141 1973 2175; x_wconf 88' lang='lat' dir='ltr'>miles</span> <span class='ocrx_word' id='word_1_424' title='bbox 1995 2152 2100 2184; x_wconf 83' lang='lat' dir='ltr'>super</span> 
     </span>
     <span class='ocr_line' id='line_1_44' title="bbox 243 2190 2099 2239; baseline 0.002 -16"><span class='ocrx_word' id='word_1_425' title='bbox 243 2191 359 2233; x_wconf 78' lang='lat' dir='ltr'>platea</span> <span class='ocrx_word' id='word_1_426' title='bbox 391 2191 545 2224; x_wconf 76' lang='lat' dir='ltr'>comunis</span> <span class='ocrx_word' id='word_1_427' title='bbox 576 2190 753 2224; x_wconf 82' lang='lat' dir='ltr'>Bononiae</span> <span class='ocrx_word' id='word_1_428' title='bbox 784 2196 819 2223; x_wconf 88' lang='lat' dir='ltr'>et</span> <span class='ocrx_word' id='word_1_429' title='bbox 850 2191 1006 2225; x_wconf 89' lang='lat' dir='ltr'>dominus</span> <span class='ocrx_word' id='word_1_430' title='bbox 1041 2193 1218 2226; x_wconf 78' lang='lat' dir='ltr'>Gerar-dus</span> <span class='ocrx_word' id='word_1_431' title='bbox 1247 2200 1399 2236; x_wconf 87' lang='lat' dir='ltr'>potestas</span> <span class='ocrx_word' id='word_1_432' title='bbox 1429 2195 1606 2228; x_wconf 89' lang='lat' dir='ltr'>Bononiae</span> <span class='ocrx_word' id='word_1_433' title='bbox 1637 2196 1725 2229; x_wconf 80' lang='lat' dir='ltr'>fecit</span> <span class='ocrx_word' id='word_1_434' title='bbox 1749 2196 1860 2239; x_wconf 86' lang='lat' dir='ltr'>ipsum</span> <span class='ocrx_word' id='word_1_435' title='bbox 1891 2195 2035 2228; x_wconf 87' lang='lat' dir='ltr'>militem</span> <span class='ocrx_word' id='word_1_436' title='bbox 2063 2199 2099 2228; x_wconf 91' lang='lat' dir='ltr'>et</span> 
     </span>
     <span class='ocr_line' id='line_1_45' title="bbox 246 2238 1583 2288; baseline 0.002 -10"><span class='ocrx_word' id='word_1_437' title='bbox 246 2254 325 2278; x_wconf 80' lang='lat' dir='ltr'>eum</span> <span class='ocrx_word' id='word_1_438' title='bbox 347 2244 421 2286; x_wconf 83' lang='lat' dir='ltr'>ipse</span> <span class='ocrx_word' id='word_1_439' title='bbox 444 2243 511 2277; x_wconf 75' lang='lat' dir='ltr'>fuit</span> <span class='ocrx_word' id='word_1_440' title='bbox 533 2243 658 2283; x_wconf 69' lang='lat' dir='ltr'>factus,</span> <span class='ocrx_word' id='word_1_441' title='bbox 680 2238 803 2276; x_wconf 64' lang='lat' dir='ltr'>ivit&#39;in</span> <span class='ocrx_word' id='word_1_442' title='bbox 825 2244 938 2278; x_wconf 88' lang='lat' dir='ltr'>officio</span> <span class='ocrx_word' id='word_1_443' title='bbox 960 2255 1024 2287; x_wconf 88' lang='lat' dir='ltr'>pro</span> <span class='ocrx_word' id='word_1_444' title='bbox 1048 2252 1218 2288; x_wconf 87' lang='lat' dir='ltr'>potestate</span> <span class='ocrx_word' id='word_1_445' title='bbox 1243 2248 1393 2280; x_wconf 83' lang='lat' dir='ltr'>civitatis</span> <span class='ocrx_word' id='word_1_446' title='bbox 1415 2248 1583 2282; x_wconf 86' lang='lat' dir='ltr'>Pisarum.</span> 
     </span>
    </p>

    <p class='ocr_par' dir='ltr' id='par_1_20' title="bbox 246 2295 2165 2451">
     <span class='ocr_line' id='line_1_46' title="bbox 333 2295 2099 2346; baseline 0.002 -16"><span class='ocrx_word' id='word_1_447' title='bbox 333 2295 628 2330; x_wconf 84' lang='lat' dir='ltr'>M.CCLXXXV.</span> <span class='ocrx_word' id='word_1_448' title='bbox 652 2314 694 2320; x_wconf 86' lang='lat'>—</span> <span class='ocrx_word' id='word_1_449' title='bbox 717 2296 799 2329; x_wconf 85' lang='lat' dir='ltr'>Rex</span> <span class='ocrx_word' id='word_1_450' title='bbox 823 2297 973 2331; x_wconf 75' lang='lat' dir='ltr'>Kar-olus</span> <span class='ocrx_word' id='word_1_451' title='bbox 995 2298 1081 2331; x_wconf 85' lang='lat' dir='ltr'>obiit</span> <span class='ocrx_word' id='word_1_452' title='bbox 1104 2299 1162 2332; x_wconf 88' lang='lat' dir='ltr'>die</span> <span class='ocrx_word' id='word_1_453' title='bbox 1185 2308 1210 2331; x_wconf 85' lang='lat' dir='ltr'><strong>v</strong></span> <span class='ocrx_word' id='word_1_454' title='bbox 1238 2300 1399 2344; x_wconf 82' lang='lat' dir='ltr'>januarii,</span> <span class='ocrx_word' id='word_1_455' title='bbox 1424 2301 1468 2334; x_wconf 90' lang='lat' dir='ltr'>de</span> <span class='ocrx_word' id='word_1_456' title='bbox 1500 2301 1597 2344; x_wconf 85' lang='lat' dir='ltr'>cujus</span> <span class='ocrx_word' id='word_1_457' title='bbox 1628 2306 1737 2335; x_wconf 76' lang='lat' dir='ltr'>morte</span> <span class='ocrx_word' id='word_1_458' title='bbox 1770 2302 1836 2334; x_wconf 79' lang='lat' dir='ltr'>fuit</span> <span class='ocrx_word' id='word_1_459' title='bbox 1859 2302 1954 2335; x_wconf 80' lang='lat' dir='ltr'>facta</span> <span class='ocrx_word' id='word_1_460' title='bbox 1975 2311 2099 2346; x_wconf 82' lang='lat' dir='ltr'>magna</span> 
     </span>
     <span class='ocr_line' id='line_1_47' title="bbox 246 2349 2165 2395; baseline 0.002 -12"><span class='ocrx_word' id='word_1_461' title='bbox 246 2349 445 2384; x_wconf 72' lang='lat' dir='ltr'>lamentatio</span> <span class='ocrx_word' id='word_1_462' title='bbox 467 2349 505 2382; x_wconf 89' lang='lat' dir='ltr'>in</span> <span class='ocrx_word' id='word_1_463' title='bbox 525 2349 693 2388; x_wconf 65' lang='lat' dir='ltr'>Bononia,</span> <span class='ocrx_word' id='word_1_464' title='bbox 709 2350 769 2393; x_wconf 89' lang='lat' dir='ltr'>qui</span> <span class='ocrx_word' id='word_1_465' title='bbox 791 2350 893 2383; x_wconf 71' lang='lat' dir='ltr'>valde</span> <span class='ocrx_word' id='word_1_466' title='bbox 917 2351 1128 2395; x_wconf 86' lang='lat' dir='ltr'>diligebatur</span> <span class='ocrx_word' id='word_1_467' title='bbox 1151 2352 1196 2384; x_wconf 90' lang='lat' dir='ltr'>ad</span> <span class='ocrx_word' id='word_1_468' title='bbox 1219 2354 1378 2386; x_wconf 90' lang='lat' dir='ltr'>omnibus</span> <span class='ocrx_word' id='word_1_469' title='bbox 1401 2354 1533 2387; x_wconf 88' lang='lat' dir='ltr'>Guelfis</span> <span class='ocrx_word' id='word_1_470' title='bbox 1554 2354 1742 2388; x_wconf 88' lang='lat' dir='ltr'>Bononiae.</span> <span class='ocrx_word' id='word_1_471' title='bbox 2122 2355 2165 2387; x_wconf 81' lang='lat'>40</span> 
     </span>
     <span class='ocr_line' id='line_1_48' title="bbox 333 2401 2098 2451; baseline 0.003 -15"><span class='ocrx_word' id='word_1_472' title='bbox 333 2402 468 2436; x_wconf 59' lang='lat' dir='ltr'>Eodem</span> <span class='ocrx_word' id='word_1_473' title='bbox 491 2411 591 2436; x_wconf 81' lang='lat' dir='ltr'>anno.</span> <span class='ocrx_word' id='word_1_474' title='bbox 616 2419 658 2425; x_wconf 85' lang='lat'>—-</span> <span class='ocrx_word' id='word_1_475' title='bbox 680 2401 776 2444; x_wconf 82' lang='lat' dir='ltr'>Papa</span> <span class='ocrx_word' id='word_1_476' title='bbox 797 2403 969 2436; x_wconf 83' lang='lat' dir='ltr'>Martinus</span> <span class='ocrx_word' id='word_1_477' title='bbox 992 2404 1143 2437; x_wconf 77' lang='lat' dir='ltr'>decessit</span> <span class='ocrx_word' id='word_1_478' title='bbox 1167 2405 1223 2438; x_wconf 91' lang='lat' dir='ltr'>die</span> <span class='ocrx_word' id='word_1_479' title='bbox 1248 2414 1324 2438; x_wconf 86' lang='lat' dir='ltr'>xxv</span> <span class='ocrx_word' id='word_1_480' title='bbox 1339 2407 1454 2439; x_wconf 79' lang='lat' dir='ltr'>martii</span> <span class='ocrx_word' id='word_1_481' title='bbox 1479 2412 1514 2439; x_wconf 89' lang='lat' dir='ltr'>et</span> <span class='ocrx_word' id='word_1_482' title='bbox 1537 2407 1616 2440; x_wconf 91' lang='lat' dir='ltr'>loco</span> <span class='ocrx_word' id='word_1_483' title='bbox 1639 2408 1691 2440; x_wconf 85' lang='lat' dir='ltr'>sui</span> <span class='ocrx_word' id='word_1_484' title='bbox 1714 2408 1882 2441; x_wconf 82' lang='lat' dir='ltr'>successit</span> <span class='ocrx_word' id='word_1_485' title='bbox 1912 2418 2003 2451; x_wconf 88' lang='lat' dir='ltr'>papa</span> <span class='ocrx_word' id='word_1_486' title='bbox 2025 2407 2098 2440; x_wconf 92' lang='lat' dir='ltr'>Ho-</span> 
     </span>
    </p>

    <p class='ocr_par' dir='ltr' id='par_1_21' title="bbox 245 2453 815 2489">
     <span class='ocr_line' id='line_1_49' title="bbox 245 2453 815 2489; baseline 0.004 -2"><span class='ocrx_word' id='word_1_487' title='bbox 245 2455 363 2489; x_wconf 80' lang='lat' dir='ltr'>norius</span> <span class='ocrx_word' id='word_1_488' title='bbox 384 2455 429 2489; x_wconf 84' lang='lat' dir='ltr'>de</span> <span class='ocrx_word' id='word_1_489' title='bbox 453 2453 600 2489; x_wconf 76' lang='lat' dir='ltr'>Sabellis</span> <span class='ocrx_word' id='word_1_490' title='bbox 622 2455 667 2488; x_wconf 87' lang='lat' dir='ltr'>de</span> <span class='ocrx_word' id='word_1_491' title='bbox 689 2455 815 2489; x_wconf 81' lang='lat' dir='ltr'>Roma.</span> 
     </span>
    </p>

    <p class='ocr_par' dir='ltr' id='par_1_22' title="bbox 247 2507 2098 2597">
     <span class='ocr_line' id='line_1_50' title="bbox 334 2507 2098 2556; baseline 0.005 -15"><span class='ocrx_word' id='word_1_492' title='bbox 334 2508 469 2542; x_wconf 75' lang='lat' dir='ltr'>Eodem</span> <span class='ocrx_word' id='word_1_493' title='bbox 490 2518 590 2542; x_wconf 78' lang='lat' dir='ltr'>anno.</span> <span class='ocrx_word' id='word_1_494' title='bbox 614 2526 657 2532; x_wconf 94' lang='lat'>-—</span> <span class='ocrx_word' id='word_1_495' title='bbox 679 2507 927 2543; x_wconf 85' lang='lat' dir='ltr'>Aldrobandus</span> <span class='ocrx_word' id='word_1_496' title='bbox 950 2510 994 2544; x_wconf 86' lang='lat' dir='ltr'>de</span> <span class='ocrx_word' id='word_1_497' title='bbox 1017 2509 1222 2556; x_wconf 84' lang='lat' dir='ltr'>Arguglosis</span> <span class='ocrx_word' id='word_1_498' title='bbox 1238 2512 1281 2545; x_wconf 89' lang='lat' dir='ltr'>de</span> <span class='ocrx_word' id='word_1_499' title='bbox 1298 2513 1450 2546; x_wconf 81' lang='lat' dir='ltr'>Forlivio</span> <span class='ocrx_word' id='word_1_500' title='bbox 1474 2507 1627 2547; x_wconf 84' lang='lat' dir='ltr'>mortuus</span> <span class='ocrx_word' id='word_1_501' title='bbox 1643 2515 1711 2547; x_wconf 79' lang='lat' dir='ltr'>fuit</span> <span class='ocrx_word' id='word_1_502' title='bbox 1733 2515 1778 2548; x_wconf 92' lang='lat' dir='ltr'>ab</span> <span class='ocrx_word' id='word_1_503' title='bbox 1800 2515 1867 2548; x_wconf 88' lang='lat' dir='ltr'>illis</span> <span class='ocrx_word' id='word_1_504' title='bbox 1891 2515 1935 2548; x_wconf 84' lang='lat' dir='ltr'>de</span> <span class='ocrx_word' id='word_1_505' title='bbox 1951 2513 2098 2548; x_wconf 73' lang='lat' dir='ltr'>Galbulo</span> 
     </span>
     <span class='ocr_line' id='line_1_51' title="bbox 247 2560 1056 2597; baseline 0.004 -3"><span class='ocrx_word' id='word_1_506' title='bbox 247 2561 291 2594; x_wconf 87' lang='lat' dir='ltr'>de</span> <span class='ocrx_word' id='word_1_507' title='bbox 313 2560 467 2595; x_wconf 74' lang='lat' dir='ltr'>Forlivio</span> <span class='ocrx_word' id='word_1_508' title='bbox 487 2561 525 2594; x_wconf 78' lang='lat' dir='ltr'>in</span> <span class='ocrx_word' id='word_1_509' title='bbox 547 2560 606 2594; x_wconf 81' lang='lat' dir='ltr'>die</span> <span class='ocrx_word' id='word_1_510' title='bbox 627 2560 782 2595; x_wconf 82' lang='lat' dir='ltr'>Pascatis</span> <span class='ocrx_word' id='word_1_511' title='bbox 804 2563 1056 2597; x_wconf 84' lang='lat' dir='ltr'>Resuretionis.</span> 
     </span>
    </p>

    <p class='ocr_par' dir='ltr' id='par_1_23' title="bbox 247 2613 2163 2711">
     <span class='ocr_line' id='line_1_52' title="bbox 333 2613 2163 2654; baseline 0.003 -6"><span class='ocrx_word' id='word_1_512' title='bbox 333 2613 466 2648; x_wconf 79' lang='lat' dir='ltr'>Eodem</span> <span class='ocrx_word' id='word_1_513' title='bbox 489 2623 590 2648; x_wconf 78' lang='lat' dir='ltr'>anno.</span> <span class='ocrx_word' id='word_1_514' title='bbox 606 2631 648 2638; x_wconf 92' lang='lat'>-·</span> <span class='ocrx_word' id='word_1_515' title='bbox 663 2614 829 2649; x_wconf 81' lang='lat' dir='ltr'>Dominus</span> <span class='ocrx_word' id='word_1_516' title='bbox 851 2616 1043 2650; x_wconf 73' lang='lat' dir='ltr'>Venetieus</span> <span class='ocrx_word' id='word_1_517' title='bbox 1066 2618 1110 2650; x_wconf 87' lang='lat' dir='ltr'>de</span> <span class='ocrx_word' id='word_1_518' title='bbox 1134 2618 1362 2652; x_wconf 85' lang='lat' dir='ltr'>Cazanimicis</span> <span class='ocrx_word' id='word_1_519' title='bbox 1385 2620 1486 2653; x_wconf 78' lang='lat' dir='ltr'>duxit</span> <span class='ocrx_word' id='word_1_520' title='bbox 1500 2621 1537 2652; x_wconf 82' lang='lat' dir='ltr'>in</span> <span class='ocrx_word' id='word_1_521' title='bbox 1552 2631 1696 2654; x_wconf 86' lang='lat' dir='ltr'>uxorem</span> <span class='ocrx_word' id='word_1_522' title='bbox 1719 2622 1823 2654; x_wconf 87' lang='lat' dir='ltr'>filiam</span> <span class='ocrx_word' id='word_1_523' title='bbox 1846 2621 1976 2654; x_wconf 85' lang='lat' dir='ltr'>domini</span> <span class='ocrx_word' id='word_1_524' title='bbox 1997 2620 2100 2654; x_wconf 81' lang='lat' dir='ltr'>Pacis</span> <span class='ocrx_word' id='word_1_525' title='bbox 2121 2618 2163 2653; x_wconf 70' lang='lat'>45</span> 
     </span>
     <span class='ocr_line' id='line_1_53' title="bbox 247 2666 977 2711; baseline 0.001 -10"><span class='ocrx_word' id='word_1_526' title='bbox 247 2667 294 2701; x_wconf 81' lang='lat' dir='ltr'>de</span> <span class='ocrx_word' id='word_1_527' title='bbox 314 2666 465 2701; x_wconf 78' lang='lat' dir='ltr'>Facibus</span> <span class='ocrx_word' id='word_1_528' title='bbox 486 2666 651 2706; x_wconf 78' lang='lat' dir='ltr'>doctoris,</span> <span class='ocrx_word' id='word_1_529' title='bbox 673 2667 730 2701; x_wconf 85' lang='lat' dir='ltr'>die</span> <span class='ocrx_word' id='word_1_530' title='bbox 753 2677 819 2710; x_wconf 85' lang='lat' dir='ltr'>va</span> <span class='ocrx_word' id='word_1_531' title='bbox 840 2669 977 2711; x_wconf 69' lang='lat' dir='ltr'>aprelis</span> 
     </span>
    </p>

    <p class='ocr_par' dir='ltr' id='par_1_24' title="bbox 247 2719 2098 2823">
     <span class='ocr_line' id='line_1_54' title="bbox 334 2719 2098 2770; baseline 0.005 -18"><span class='ocrx_word' id='word_1_532' title='bbox 334 2719 471 2753; x_wconf 87' lang='lat' dir='ltr'>Eodem</span> <span class='ocrx_word' id='word_1_533' title='bbox 492 2728 592 2754; x_wconf 71' lang='lat' dir='ltr'>anno.</span> <span class='ocrx_word' id='word_1_534' title='bbox 610 2737 653 2744; x_wconf 86' lang='lat'>-</span> <span class='ocrx_word' id='word_1_535' title='bbox 667 2719 803 2754; x_wconf 61' lang='lat' dir='ltr'>Possm</span> <span class='ocrx_word' id='word_1_536' title='bbox 825 2721 893 2755; x_wconf 80' lang='lat' dir='ltr'>fuit</span> <span class='ocrx_word' id='word_1_537' title='bbox 914 2723 1045 2764; x_wconf 83' lang='lat' dir='ltr'>primus</span> <span class='ocrx_word' id='word_1_538' title='bbox 1067 2723 1155 2766; x_wconf 80' lang='lat' dir='ltr'>lapis</span> <span class='ocrx_word' id='word_1_539' title='bbox 1169 2724 1206 2756; x_wconf 87' lang='lat' dir='ltr'>in</span> <span class='ocrx_word' id='word_1_540' title='bbox 1221 2725 1441 2758; x_wconf 86' lang='lat' dir='ltr'>aedificando</span> <span class='ocrx_word' id='word_1_541' title='bbox 1463 2726 1647 2760; x_wconf 84' lang='lat' dir='ltr'>ecclesiam</span> <span class='ocrx_word' id='word_1_542' title='bbox 1670 2727 1818 2760; x_wconf 76' lang='lat' dir='ltr'>fratrum</span> <span class='ocrx_word' id='word_1_543' title='bbox 1839 2727 1951 2760; x_wconf 81' lang='lat' dir='ltr'>saneti</span> <span class='ocrx_word' id='word_1_544' title='bbox 1974 2726 2098 2770; x_wconf 83' lang='lat' dir='ltr'>Jacobi</span> 
     </span>
     <span class='ocr_line' id='line_1_55' title="bbox 247 2773 1693 2823; baseline 0.006 -19"><span class='ocrx_word' id='word_1_545' title='bbox 247 2777 372 2805; x_wconf 85' lang='lat' dir='ltr'>stratae</span> <span class='ocrx_word' id='word_1_546' title='bbox 395 2773 506 2805; x_wconf 81' lang='lat' dir='ltr'>sancti</span> <span class='ocrx_word' id='word_1_547' title='bbox 527 2773 665 2813; x_wconf 85' lang='lat' dir='ltr'>Donati,</span> <span class='ocrx_word' id='word_1_548' title='bbox 690 2784 778 2817; x_wconf 91' lang='lat' dir='ltr'>quae</span> <span class='ocrx_word' id='word_1_549' title='bbox 802 2780 876 2807; x_wconf 90' lang='lat' dir='ltr'>erat</span> <span class='ocrx_word' id='word_1_550' title='bbox 898 2775 1009 2817; x_wconf 89' lang='lat' dir='ltr'>primo</span> <span class='ocrx_word' id='word_1_551' title='bbox 1033 2777 1079 2809; x_wconf 89' lang='lat' dir='ltr'>ad</span> <span class='ocrx_word' id='word_1_552' title='bbox 1102 2776 1269 2810; x_wconf 86' lang='lat' dir='ltr'>Sanctum</span> <span class='ocrx_word' id='word_1_553' title='bbox 1292 2778 1460 2821; x_wconf 87' lang='lat' dir='ltr'>Jacobum</span> <span class='ocrx_word' id='word_1_554' title='bbox 1485 2780 1529 2812; x_wconf 89' lang='lat' dir='ltr'>de</span> <span class='ocrx_word' id='word_1_555' title='bbox 1554 2780 1693 2823; x_wconf 86' lang='lat' dir='ltr'>Sapina.</span> 
     </span>
    </p>

    <p class='ocr_par' dir='ltr' id='par_1_25' title="bbox 336 2823 2131 2874">
     <span class='ocr_line' id='line_1_56' title="bbox 336 2823 2131 2874; baseline 0.006 -17"><span class='ocrx_word' id='word_1_556' title='bbox 336 2823 647 2859; x_wconf 74' lang='lat' dir='ltr'>MCCLXXXVI.</span> <span class='ocrx_word' id='word_1_557' title='bbox 679 2843 721 2850; x_wconf 89' lang='lat'>—</span> <span class='ocrx_word' id='word_1_558' title='bbox 750 2826 870 2860; x_wconf 83' lang='lat' dir='ltr'>Platea</span> <span class='ocrx_word' id='word_1_559' title='bbox 899 2828 1053 2861; x_wconf 86' lang='lat' dir='ltr'>comunis</span> <span class='ocrx_word' id='word_1_560' title='bbox 1074 2829 1252 2863; x_wconf 85' lang='lat' dir='ltr'>Bononiae</span> <span class='ocrx_word' id='word_1_561' title='bbox 1284 2831 1351 2863; x_wconf 71' lang='lat' dir='ltr'>fuit</span> <span class='ocrx_word' id='word_1_562' title='bbox 1381 2832 1544 2874; x_wconf 84' lang='lat' dir='ltr'>ampliata</span> <span class='ocrx_word' id='word_1_563' title='bbox 1575 2838 1610 2865; x_wconf 90' lang='lat' dir='ltr'>et</span> <span class='ocrx_word' id='word_1_564' title='bbox 1641 2833 1708 2865; x_wconf 78' lang='lat' dir='ltr'>fuit</span> <span class='ocrx_word' id='word_1_565' title='bbox 1740 2834 1917 2866; x_wconf 86' lang='lat' dir='ltr'>destructa</span> <span class='ocrx_word' id='word_1_566' title='bbox 1947 2833 2097 2867; x_wconf 85' lang='lat' dir='ltr'>ecclesia</span> <span class='ocrx_word' id='word_1_567' title='bbox 2124 2855 2131 2866; x_wconf 32' lang='grc' dir='ltr'>κ</span> 
     </span>
    </p>
   </div>
   <div class='ocr_carea' id='block_1_11' title="bbox 339 2918 2091 2960">
    <p class='ocr_par' dir='ltr' id='par_1_26' title="bbox 339 2918 2091 2960">
     <span class='ocr_line' id='line_1_57' title="bbox 339 2918 2091 2960; baseline 0.006 -18"><span class='ocrx_word' id='word_1_568' title='bbox 339 2924 369 2943; x_wconf 82' lang='lat'>12</span> <span class='ocrx_word' id='word_1_569' title='bbox 388 2918 610 2952; x_wconf 83' lang='lat' dir='ltr'>MCCLxxxn]</span> <span class='ocrx_word' id='word_1_570' title='bbox 627 2928 708 2953; x_wconf 74' lang='lat' dir='ltr'>segne</span> <span class='ocrx_word' id='word_1_571' title='bbox 726 2921 910 2952; x_wconf 68' lang='lat' dir='ltr'>d’attenzione,</span> <span class='ocrx_word' id='word_1_572' title='bbox 931 2923 957 2947; x_wconf 88' lang='lat' dir='ltr'>in</span> <span class='ocrx_word' id='word_1_573' title='bbox 976 2923 1107 2955; x_wconf 72' lang='lat' dir='ltr'>margine,</span> <span class='ocrx_word' id='word_1_574' title='bbox 1128 2923 1159 2948; x_wconf 85' lang='lat' dir='ltr'>di</span> <span class='ocrx_word' id='word_1_575' title='bbox 1174 2926 1266 2950; x_wconf 79' lang='lat' dir='ltr'>contro</span> <span class='ocrx_word' id='word_1_576' title='bbox 1284 2933 1302 2949; x_wconf 83' lang='lat' dir='ltr'>a</span> <span class='ocrx_word' id='word_1_577' title='bbox 1319 2928 1411 2957; x_wconf 79' lang='lat' dir='ltr'>questa</span> <span class='ocrx_word' id='word_1_578' title='bbox 1429 2926 1529 2951; x_wconf 73' lang='lat' dir='ltr'>notizia</span> <span class='ocrx_word' id='word_1_579' title='bbox 1550 2940 1581 2944; x_wconf 69' lang='lat'>—</span> <span class='ocrx_word' id='word_1_580' title='bbox 1602 2926 1636 2959; x_wconf 84' lang='lat'>36</span> <span class='ocrx_word' id='word_1_581' title='bbox 1657 2927 1779 2960; x_wconf 81' lang='lat' dir='ltr'>Mutina]</span> <span class='ocrx_word' id='word_1_582' title='bbox 1797 2929 1893 2954; x_wconf 82' lang='lat' dir='ltr'>scritto</span> <span class='ocrx_word' id='word_1_583' title='bbox 1911 2936 1940 2953; x_wconf 78' lang='lat' dir='ltr'>su</span> <span class='ocrx_word' id='word_1_584' title='bbox 1959 2928 2091 2953; x_wconf 77' lang='lat' dir='ltr'>abrasum</span> 
     </span>
    </p>
   </div>
  </div>
 </body>
</html>
