2242 3418
89 679 121 706 10

932 155 1104 191 APPEN
1105 155 1158 191 DI
1162 155 1227 191 ΟΕ

149 288 262 322 egregIo
281 289 343 314 viro
361 286 475 313 Matheo
493 286 635 319 quondam
655 286 791 312 Guiducii
813 286 846 312 de
871 286 1050 312 Griffonibus

147 333 204 359 civi
222 334 250 358 et
267 332 385 358 notario
402 331 570 357 bononiensi
588 331 705 356 salutem
723 332 754 356 in
773 331 908 356 Domino.

237 377 404 403 Constantis
422 375 586 401 devocionis
604 375 753 408 integritas
771 382 854 407 quam
867 381 932 407 erga
942 376 1046 400 statum

147 423 245 446 sancte
263 427 377 446 romane
393 420 514 445 Ecclesie
531 420 614 451 atque
631 420 760 445 nostrum
773 426 869 452 gerere
882 419 1050 450 comproba-

149 466 196 495 ris,
215 472 265 490 nec
282 472 340 490 non
358 464 505 489 laudabilis
523 465 570 489 tue
588 464 800 496 circumspectio
824 463 976 495 probitatis
995 469 1051 487 me-

148 509 206 534 rito
223 515 275 534 nos
292 509 417 533 excitant
437 510 464 532 et
482 508 620 532 inducunt
637 509 669 532 ut
686 507 722 532 ad
733 506 940 539 providendum
951 507 1005 531 tibi
1017 506 1050 531 de

147 552 194 578 his
212 559 266 584 que
284 553 365 577 tuum
384 553 557 577 concernunt
574 552 713 576 honorem
731 552 759 575 et
771 550 919 575 comodum
932 550 1051 575 incline-

149 604 220 622 mur.
257 596 330 622 Cum
348 596 443 628 itaque
461 597 544 621 nobis
562 596 673 621 constet
697 595 946 627 circhumspectum
958 594 1050 619 virum

149 640 280 666 Iacobum
299 640 332 664 de
349 640 509 665 Blanchitis
527 640 672 665 notarium
690 639 893 664 bononiensem
913 638 984 662 olim
1006 645 1052 662 cu-

149 683 257 710 stodem
275 685 303 709 et
320 685 499 717 superstitem
519 684 636 710 Camere
654 684 781 708 aetorum
807 682 936 707 comunis
958 682 1052 706 Bono-

149 729 196 753 nie
215 729 271 754 vite
290 735 339 753 sue
358 728 441 753 finem
465 735 556 759 nuper
581 728 709 760 attigisse
735 734 768 751 ex
791 733 847 758 quo
872 726 930 751 nisi
954 725 1052 750 afforet

148 772 311 798 hulusmodi
328 774 427 798 nostra
439 772 568 804 provisio
582 778 641 796 non
654 778 743 803 parva
756 769 923 795 resultarent
947 770 1054 794 incom-

149 816 232 842 moda
249 817 380 842 omnibus
398 816 433 841 ad
449 815 564 842 eandem
583 822 721 840 cameram
733 822 786 846 pro
800 813 918 838 diversis
930 813 1051 845 scriptu-

99 880 102 882 .
149 861 189 886 ris
206 860 335 892 quotidie
360 860 561 890 recurentibus;
588 860 646 884 Nos
672 858 796 883 volentes
820 857 923 883 talibus
945 858 1053 882 incom-

89 902 120 930 15

86 1115 124 1144 20

88 1447 122 1475 25

89 1838 125 1866 30

91 2061 124 2088 35

149 904 242 929 modis
259 905 381 935 obviare,
400 905 652 936 cognoscentesque
670 909 821 934 personam
839 903 917 927 tuam
945 901 979 925 ad
1002 901 1055 926 hoc

148 955 207 975 esse
225 948 363 979 idoneam,
383 950 410 972 te
427 949 460 977 in
478 947 624 973 custodem
649 948 677 972 et
700 946 882 978 superstitem
908 945 980 970 dicte
1002 945 1055 971 Ca-

150 1000 225 1017 mere
233 1000 296 1017 cum
309 993 411 1018 salario
424 991 618 1017 emolumentIs
629 990 789 1016 honoribus
801 991 828 1014 et
841 990 973 1015 oneribus
988 996 1054 1019 con,

149 1037 237 1062 suetis
256 1037 292 1062 ad
303 1031 515 1069 beneplacitum
533 1036 662 1060 nostrum
681 1036 781 1059 tenore
805 1034 981 1065 presentium
1005 1034 1053 1058 eli-

148 1081 243 1113 gimus
260 1081 460 1106 constituimus
478 1081 507 1105 et
525 1080 613 1104 etiam
635 1079 811 1111 deputamus.
847 1078 886 1102 Et
903 1078 971 1110 quia
988 1085 1054 1109 sepe

149 1125 293 1158 contingit
310 1125 438 1150 notarios
456 1123 529 1148 dicte
547 1130 655 1148 camere
673 1130 732 1147 esse
750 1122 877 1147 absentes
890 1122 924 1146 ab
936 1122 999 1153 ipsa
1010 1129 1055 1146 ca-

151 1175 237 1199 mera,
257 1175 291 1193 ne
307 1175 359 1201 per
376 1169 504 1200 ipsorum
522 1167 683 1192 absentiam
701 1166 794 1198 possit
805 1159 946 1197 aliquibus
959 1164 1054 1196 preiu-

149 1211 253 1238 d1tlum
271 1211 384 1244 aliquod
403 1211 542 1244 generari,
561 1211 692 1235 volumus
710 1210 739 1234 et
757 1209 932 1241 presentium
957 1210 1055 1233 tenore

151 1256 326 1283 decemimus
343 1257 371 1281 et
388 1255 531 1281 firmamus
549 1255 625 1287 quod
638 1253 756 1280 durante
772 1244 936 1279 huiusmodi
949 1253 999 1277 tuo
1013 1250 1055 1276 ot-

151 1301 214 1326 fitlo
232 1301 324 1334 possis
342 1302 369 1325 et
387 1299 478 1326 valeas
497 1307 530 1326 ac
547 1299 602 1324 tibi
621 1299 704 1324 liceat
716 1298 935 1331 quibuscumque
951 1297 1056 1322 instru-

1927 151 1995 192 117

1100 286 1202 311 mentis
1220 292 1268 311 seu
1286 286 1435 318 scripturis
1450 286 1646 317 cuiuscumque
1659 286 1766 310 tenoris
1779 286 1808 310 et
1821 285 1996 310 continentie

1100 330 1206 356 tuerint
1223 329 1377 355 scribendis
1395 336 1443 354 seu
1461 329 1646 362 exemplandis
1663 336 1714 362 per
1725 329 1857 354 notarios
1870 328 1943 353 dicte
1953 335 1996 353 ca-

1101 381 1177 399 mere
1194 374 1344 405 deputatos
1362 373 1406 398 vel
1418 373 1587 405 deputandos
1600 374 1641 398 vel
1654 373 1771 398 alterum
1783 380 1880 398 eorum
1892 374 1921 397 te
1932 372 1996 397 sub-

1101 418 1221 443 scribere
1234 418 1262 442 et
1279 417 1378 442 omnia
1394 416 1484 442 facere
1500 418 1529 442 et
1546 423 1669 443 exercere
1687 416 1779 442 circha
1797 423 1944 441 occursura
1962 415 1998 440 ad

1102 461 1205 486 dictam
1216 468 1355 486 cameram
1374 468 1427 492 que
1446 462 1474 485 et
1491 462 1575 493 prout
1593 459 1679 485 ceteri
1690 461 1795 486 notarii
1807 460 1877 485 dicte
1889 467 1997 484 camere

1086 504 1192 535 ‚iacere
1209 505 1341 537 possunt;
1360 506 1388 529 et
1406 504 1480 536 quod
1497 505 1715 536 quibuscumque
1735 505 1882 536 scripturis
1903 511 1953 536 per
1971 505 1998 527 te

1103 548 1255 574 scribendis
1278 549 1306 573 et
1330 555 1378 573 seu
1400 547 1605 573 subscribendis
1623 548 1784 573 adhibeatur
1807 549 1841 572 ab
1867 548 1998 572 omnibus

1103 591 1187 626 plena
1198 592 1266 617 fides
1275 599 1307 617 ac
1319 593 1343 617 si
1352 593 1453 624 scripte
1465 593 1492 617 et
1503 593 1657 624 subscripte
1669 591 1761 616 forent
1773 598 1823 624 per
1835 592 1951 616 alterum
1965 598 1999 615 ex

1104 627 1185 662 dictis
1203 636 1323 661 notari-is
1340 643 1449 661 camere
1466 635 1637 668 supradicte:
1657 636 1686 659 in
1705 635 1879 660 contrarium
1898 634 1999 659 facien-
2021 626 2023 629 ⁴

1103 681 1180 706 tibus
1197 687 1256 705 non
1274 680 1452 704 obstantibus
1476 680 1705 711 quibuscumque;
1726 678 1890 703 mandantes
1909 679 1999 702 omni-

1104 725 1155 749 bus
1173 724 1207 748 ad
1225 731 1294 755 quos
1312 724 1435 755 pertinet
1452 724 1589 755 quatenus
1601 724 1629 747 te
1643 723 1677 747 ad
1690 723 1790 747 dictam
1803 729 1939 747 cameram
1952 728 2000 746 seu

1105 768 1225 793 officium
1238 767 1376 799 recipiant
1388 768 1415 791 et
1428 767 1580 791 admittant
1592 766 1699 798 tibique
1712 767 1745 790 de
1757 767 1888 790 consueto
1898 765 2000 790 salario

1105 811 1271 844 provideant
1289 811 1464 842 temporibus
1481 812 1612 843 congruis
1630 817 1692 835 cum
1711 810 1820 838 effect-m
1840 816 1887 833 nec
1901 816 1959 832 non
1972 809 2001 832 et

1105 853 1135 870 ¹⁸¹*
1147 856 1268 880 notariis
1287 855 1361 879 dicte
1379 862 1485 879 camere
1503 855 1679 887 presentibus
1698 855 1726 878 et
1738 853 1841 878 futuris
1853 854 1885 878 ut
1903 853 1957 877 tibi
1970 853 2001 877 in

1105 900 1336 924 concernentibus
1354 898 1426 923 dicti
1445 898 1530 923 officii
1548 898 1628 930 plene
1647 899 1764 929 pareant
1781 897 1971 928 iniungentes.

1194 944 1299 968 Datum
1318 943 1445 968 Bononie
1463 942 1495 967 in
1513 942 1630 974 pallatio
1655 943 1750 966 nostre
1775 940 1926 965 residencie
1950 940 2001 964 sub

1106 987 1292 1019 impressione
1315 986 1409 1012 nostri
1434 986 1529 1018 sIgilli‚
1555 986 1598 1011 die
1623 986 1717 1017 primo
1743 985 1845 1009 mensis
1870 984 2001 1014 octobris,

1107 1031 1258 1056 millesimo
1277 1029 1376 1056 CCCC
1395 1030 1496 1062 quinto
1509 1029 1664 1054 indictione
1677 1027 1892 1053 tercia‘decima.
1929 1027 2003 1052 Pon-

1106 1075 1225 1100 tificatus
1243 1074 1419 1100 sanctissimi
1437 1074 1468 1098 in
1488 1073 1604 1099 Christo
1622 1073 1711 1105 patris
1729 1074 1758 1097 et
1775 1071 1884 1096 domini
1909 1071 2003 1096 nostrl

1106 1119 1217 1143 domini
1243 1117 1384 1143 Bonificn
1407 1117 1503 1142 divina
1526 1117 1707 1149 providencia
1731 1122 1801 1148 pape
1825 1115 1903 1146 noni,
1928 1122 2003 1139 anno

1106 1163 1206 1195 quinto
1225 1162 1343 1187 decimo.

1388 1207 1493 1232 Vitalis
1510 1206 1544 1230 de
1562 1206 1666 1231 Sancto
1682 1205 1726 1237 Jo.

1194 1252 1386 1284 Registratum
1394 1257 1445 1282 per
1453 1257 1498 1274 me
1508 1249 1705 1281 Bonfigliolum
1715 1248 1831 1273 condam
1842 1256 1885 1273 ser
1895 1247 2004 1272 Thome

1105 1295 1138 1320 de
1156 1295 1275 1321 Lanceis
1292 1295 1435 1319 notarium
1453 1293 1488 1318 ad
1505 1293 1608 1318 dlctam
1627 1299 1767 1317 cameram
1780 1289 1934 1316 actorum.¹

1044 1437 1122 1470 VII.

314 1513 495 1545 PERMUTA
518 1522 554 1544 m
579 1520 704 1544 TERRA
726 1520 796 1542 DEL
819 1509 964 1542 PR10RE
985 1518 1023 1540 DI
1048 1507 1083 1540 S.
1108 1507 1333 1540 SALvA'rous
1356 1515 1426 1539 coN
1447 1505 1609 1539 MATTEO
1634 1505 1817 1538 Gnnvrom
1832 1503 1842 1521 ²

151 1673 338 1707 [Permutatio
351 1673 460 1698 domiui
471 1673 578 1705 prioris
591 1671 680 1697 sancti
692 1670 847 1697 Salvatoris
859 1677 922 1695 cum
934 1669 1049 1695 Matheo

241 1719 274 1744 de
292 1714 490 1749 Gri'ffonibus1.

239 1797 396 1821 nimius
407 1795 500 1821 Cossa
509 1795 689 1820 miseratione
701 1794 798 1819 divina
807 1794 897 1819 sancti
907 1793 1052 1819 Eustachii

150 1841 287 1866 diaconus
305 1838 455 1864 cardinalis
474 1838 632 1871 apostolice
654 1837 728 1862 sedis
746 1838 855 1870 legatus
873 1844 905 1862 ae
923 1837 1051 1862 Bononie

151 1885 202 1911 etc.
220 1891 273 1917 pro
293 1885 392 1909 sancta
411 1890 528 1908 romana
546 1882 669 1907 Ecclesia
688 1882 719 1907 in
731 1881 928 1914 spiritualibus
940 1882 968 1905 et
981 1882 1051 1905 tem-

149 1928 290 1961 poralibus
308 1928 429 1952 vicarius
446 1927 597 1959 generalisz
612 1926 720 1951 Dilecto
734 1926 817 1950 nobis
831 1926 862 1950 in
875 1925 992 1951 Christo
1005 1932 1051 1949 ve-

151 1971 268 1998 nerabili
295 1973 357 1996 viro
375 1969 405 1985 *⁴¹
424 1971 514 2003 priori
532 1971 623 1996 sancti
651 1970 806 1995 Salvatoris
826 1969 956 1994 Bononie
980 1968 1052 1993 salu-

152 2018 211 2041 tem
228 2016 259 2040 in
277 2015 412 2050 Domino.
447 2015 533 2039 Iustis
552 2016 580 2051 et
597 2014 726 2039 honestis
748 2013 905 2046 supplicum
926 2013 1001 2037 votis
1019 2012 1051 2036 li-

151 2060 250 2085 benter
268 2060 419 2084 annuimus
437 2059 540 2090 illaque
559 2058 759 2091 prosequimur
780 2056 924 2082 favoribus
948 2063 1052 2088 oppor-

153 2104 229 2128 tunis
253 2103 378 2129 exhibita
402 2102 538 2134 siquidem
565 2103 648 2127 nobis
669 2109 722 2133 pro
747 2102 828 2133 parte
852 2100 994 2126 reverendi
1021 2101 1051 2124 in

153 2147 269 2183 Christo
287 2147 375 2179 patris
393 2146 501 2170 domini
522 2146 693 2170 Bartolomei
718 2145 844 2177 episcopi
869 2145 996 2169 Bononie
1020 2151 1052 2169 ac

125 2214 133 2218 .
153 2191 248 2216 dilecti
265 2191 347 2216 nobis
365 2191 395 2214 ln
415 2190 529 2216 Christo
550 2190 657 2215 Mathei
675 2188 803 2214 Guidutii
825 2188 858 2214 de
878 2188 1052 2223 Griffonibus

91 2280 127 2307 40

91 2501 125 2528 45

93 2727 129 2757 ⁵0

153 2236 224 2260 civis
241 2235 425 2260 bononiensis
443 2234 547 2267 petitio
565 2234 731 2258 continebat
748 2233 824 2265 quod
842 2233 898 2265 ipsi
922 2233 1052 2257 dominus

153 2280 301 2312 episcopus
331 2281 358 2303 et
389 2278 515 2305 Matheus
546 2278 686 2310 quandam
718 2278 824 2310 petiam
858 2278 933 2302 teste
960 2276 1052 2301 vidate

154 2324 238 2349 unius
255 2325 400 2349 tornature
422 2324 451 2348 et
471 2323 594 2355 quatuor
615 2322 773 2346 tabularum
793 2322 883 2354 posite
895 2321 974 2345 extra
986 2327 1052 2351 por-

153 2370 212 2393 tam
231 2369 308 2393 etin
325 2367 431 2400 capella
453 2367 544 2391 sancti
568 2367 661 2391 Mame
685 2366 814 2391 Bononie
839 2366 869 2389 in
893 2365 954 2390 loco
978 2364 1051 2388 dicto

155 2412 291 2438 Valverde
304 2413 383 2437 iuxta
394 2412 488 2444 ipsum
502 2411 646 2436 Matheum
664 2419 681 2435 a
700 2410 808 2435 duobus
826 2409 957 2434 lateribus
976 2409 1052 2433 iuxta

153 2458 229 2482 viam
252 2457 390 2489 publicam
415 2457 443 2480 et
468 2455 622 2488 predictam
650 2455 724 2479 viam
752 2454 899 2478 vicinalem
923 2460 955 2477 ac
981 2453 1052 2477 alios

153 2508 219 2526 suos
231 2501 354 2526 confines
363 2507 447 2531 quam
457 2500 532 2524 idem
542 2498 673 2524 Matheus
683 2500 828 2530 tamquam
847 2504 906 2522 rem
925 2498 1052 2529 spectan-

153 2546 211 2570 tem
235 2544 271 2570 ad
295 2551 418 2569 mensam
443 2542 628 2575 episcopalem
653 2542 780 2566 Bononie
804 2542 835 2566 in
858 2541 1051 2573 emphitiosim

153 2589 320 2614 conductam
339 2590 415 2614 tenet
432 2595 485 2620 pro
504 2587 596 2613 affictu
615 2587 719 2619 viginti
738 2585 880 2611 soldorum
893 2585 1051 2610 bononino-

155 2641 217 2659 rum
234 2633 380 2658 annuatim
399 2633 500 2664 optant
517 2632 546 2656 et
563 2631 680 2663 cupiunt
697 2637 748 2662 pro
762 2636 791 2654 re
809 2629 904 2662 aliqua
921 2629 1051 2653 inmobili

155 2678 314 2710 permutare
338 2684 372 2701 ex
393 2683 448 2708 qua
471 2675 577 2700 eisdem
604 2675 720 2708 domino
746 2675 878 2706 episcopo
903 2674 932 2698 et
956 2679 1050 2697 mense

154 2722 338 2754 provenirent
355 2720 461 2746 tructus
473 2721 502 2745 et
514 2719 620 2745 utilitas
632 2718 808 2743 tantumdem
826 2717 929 2742 valoris
946 2717 1051 2742 scilicet

103 2783 107 2790 .
156 2764 260 2798 viginti
271 2765 414 2790 soldorum
433 2764 476 2789 vel
489 2764 612 2788 maioris.
649 2763 776 2795 Cumque
789 2762 860 2787 sicut
873 2761 968 2786 eadem
979 2761 1050 2794 peti-

234 2893 242 2907 ¹
256 2892 404 2920 L'originale
419 2891 431 2912 ὲ
447 2892 471 2912 in
487 2892 560 2914 Arch.
575 2891 654 2916 Gnidi,
671 2891 704 2912 53.
721 2890 767 2913 CC.
781 2890 802 2911 ³.

1100 1670 1143 1693 tio
1156 1667 1343 1701 subiungebat
1356 1667 1432 1692 istud
1445 1665 1536 1692 facere
1549 1667 1690 1698 nequeant
1707 1665 1823 1690 licentia
1841 1666 1870 1689 et
1888 1664 2002 1697 dIspen-

1102 1713 1212 1737 satione
1225 1719 1309 1744 super
1321 1711 1372 1735 hoc
1385 1718 1402 1736 a
1414 1711 1498 1736 nobis
1509 1711 1640 1743 primitus
1652 1717 1710 1734 non
1720 1709 1843 1739 obtenta,
1858 1716 1909 1741 pro
1922 1709 2002 1740 parte

1103 1757 1229 1789 ipsorum
1237 1755 1292 1780 tuit
1301 1755 1383 1780 nobis
1393 1755 1536 1779 humiliter
1547 1754 1734 1786 supplicatum
1746 1754 1777 1777 ut
1787 1753 1842 1777 sibi
1854 1759 1936 1784 super
1948 1752 2004 1776 hiis

1103 1800 1250 1832 providere
1268 1800 1427 1831 benigniter
1445 1799 1632 1831 dignaremur.
1652 1798 1712 1822 Nos
1730 1798 1818 1829 igitur
1830 1804 1928 1821 eorum
1940 1804 2007 1829 pre-

1103 1845 1181 1869 cibus
1199 1843 1328 1868 inclinati
1347 1850 1380 1867 ac
1397 1842 1430 1867 de
1449 1842 1592 1874 premissis
1609 1842 1714 1866 certam
1733 1841 1869 1865 noticiam
1883 1848 1940 1864 non
1954 1841 2003 1865 ha-

1103 1889 1202 1913 bentes
1219 1887 1387 1912 discretioni
1405 1887 1452 1911 tue
1472 1886 1506 1910 de
1524 1892 1579 1917 qua
1597 1886 1628 1909 in
1646 1885 1702 1909 hiis
1720 1886 1749 1909 et
1770 1884 1835 1908 aliis
1856 1884 2002 1916 spetialem

1104 1933 1134 1956 in
1153 1932 1268 1956 domino
1286 1931 1414 1956 fidutiam
1432 1930 1591 1955 obtinemus
1609 1930 1764 1954 autoritate
1778 1929 1933 1960 apostolica
1946 1935 2002 1960 qua

1104 1977 1135 2000 in
1154 1975 1204 2000 hac
1222 1976 1302 2007 parte
1319 1974 1463 2006 fungimur
1480 1975 1576 1998 tenore
1594 1973 1768 2005 presentium
1783 1973 1960 1997 comittimus
1974 1974 2002 1997 et

1105 2018 1269 2044 mandamus
1282 2019 1417 2050 quatenus
1428 2018 1461 2042 de
1471 2018 1617 2049 premissis
1629 2018 1658 2041 te
1671 2016 1817 2048 diligenter
1830 2017 1964 2041 informes
1975 2018 2002 2040 et

1104 2064 1128 2088 si
1139 2070 1190 2095 per
1203 2061 1433 2086 informationem
1445 2061 1606 2086 huiusmodi
1625 2061 1749 2092 reperias
1762 2061 2002 2092 permutationem

1104 2106 1239 2138 prefatam
1253 2107 1278 2130 si
1290 2105 1340 2130 fiat
1352 2105 1451 2130 cedere
1464 2106 1494 2129 in
1519 2105 1678 2130 evidentem
1692 2104 1843 2128 utilitatem
1864 2111 1955 2128 mense
1973 2105 2002 2128 et

1103 2151 1230 2182 episcopi
1249 2150 1438 2181 predictorum
1456 2156 1539 2180 super
1557 2155 1613 2180 quo
1632 2149 1710 2172 tuam
1729 2148 1919 2172 consientiam
1937 2155 2002 2172 one-

1104 2201 1196 2219 ramus
1208 2194 1311 2218 eisdem
1323 2194 1457 2225 episcopo
1470 2193 1497 2217 et
1509 2193 1672 2223 cuicumque
1684 2192 1745 2216 eius
1758 2192 1893 2216 sucessori
1903 2198 1934 2216 ac
1946 2191 2002 2215 die-

1105 2239 1134 2262 to
1149 2237 1263 2262 Matheo
1276 2237 1397 2262 faciendi
1410 2237 1646 2268 permutationem
1657 2234 1815 2260 huiusmodi
1824 2242 1886 2259 curn
1897 2236 2002 2259 instru-

1104 2283 1193 2306 menti
1206 2289 1255 2306 seu
1275 2281 1526 2306 instrumentorum
1535 2280 1710 2304 confectione
1729 2280 1834 2303 notarii
1853 2285 1903 2303 seu
1920 2280 2002 2303 nota-

1104 2326 1211 2350 riorum
1239 2326 1401 2357 rogatorum
1425 2331 1497 2356 pene
1521 2324 1709 2355 promissione
1734 2323 1872 2347 bonorum
1897 2322 2002 2355 obliga-

1104 2370 1182 2394 tione
1200 2369 1365 2394 iuramentis
1383 2367 1645 2394 renuntiationibus
1657 2369 1685 2392 et
1697 2367 1829 2392 omnibus
1846 2366 1910 2391 aliis
1928 2366 2001 2391 clau-

1105 2413 1173 2438 sulis
1191 2413 1352 2438 necessariis
1375 2414 1403 2437 et
1428 2413 1595 2444 opportunis
1619 2412 1771 2437 autoritate
1795 2412 1891 2436 nostra
1915 2410 2001 2435 licen-

1105 2458 1175 2482 tiam
1193 2457 1321 2490 largiaris
1340 2458 1369 2482 et
1387 2456 1575 2482 omnimodam
1597 2457 1763 2488 potestatem
1782 2456 1812 2479 in
1831 2455 2003 2479 contrarium

1103 2499 1270 2524 facientibus
1288 2506 1346 2523 non
1365 2499 1543 2524 obstantibus
1561 2497 1784 2529 quibuscumque.

1193 2541 1299 2565 Datum
1320 2540 1447 2565 Bononie
1471 2540 1501 2564 in
1525 2540 1631 2571 palatio
1655 2540 1750 2563 nostre
1774 2537 1928 2563 residentie
1952 2537 2003 2563 sub

1105 2584 1196 2609 nostri
1214 2585 1331 2609 maioris
1349 2584 1520 2617 appensione
1534 2583 1620 2615 sigilli
1634 2583 1777 2607 millesimo
1789 2581 2004 2614 quadringente-

1105 2629 1175 2653 simo
1188 2629 1287 2660 quarto
1301 2628 1455 2652 indictione
1473 2625 1540 2659 XIJ⁸
1559 2627 1604 2651 die
1623 2626 1762 2658 vigesimo
1781 2626 1881 2657 quarto
1899 2626 2003 2650 mensIs

1105 2672 1204 2704 aprilis
1215 2671 1401 2703 pontifficatus
1414 2671 1585 2696 sanctissimi
1600 2671 1630 2694 in
1644 2670 1758 2695 Christo
1772 2669 1860 2701 patris
1873 2670 1902 2694 et
1914 2669 2004 2694 domi-

1105 2717 1136 2741 ni
1148 2716 1240 2741 nostri
1259 2716 1369 2741 domini
1388 2714 1524 2740 Bonifatii
1537 2714 1641 2739 divina
1653 2713 1831 2745 providentis.
1842 2720 1915 2745 pape
1935 2713 2003 2738 noni

1104 2767 1179 2785 anno
1198 2760 1414 2793 quintodecimo.
1610 2758 1764 2790 Jommme
1783 2757 1830 2782 Da
1847 2757 1968 2782 Eseum.

1947 2809 1964 2857 Ἀ

1187 2888 1196 2902 ¹
1209 2887 1284 2909 Arch.
1294 2885 1318 2908 di
1329 2887 1397 2906 Stato
1407 2886 1430 2906 di
1442 2886 1555 2912 Bologna:
1569 2884 1732 2906 Prom'sionum
1747 2883 1770 2905 n’n
1782 2883 1878 2911 Capram
1890 2883 1928 2906 1⁵⁵⁶.
1941 2883 1988 2909 †††
1998 2897 2004 2911 ,

1108 2928 1129 2944 c.
1145 2921 1169 2944 78
1185 2928 1203 2945 r,

2029 681 2060 707 10

2030 893 2061 921 15

2028 1119 2064 1145 20

2033 1430 2067 1457 25

2030 1794 2066 1821 30

2030 2015 2064 2041 35

2030 2235 2065 2262 40

2031 2455 2064 2483 45

2029 2669 2065 2697 50
