2242 3418
141 155 226 191 [ΛΑ.
246 158 426 191 1389-1390]
729 151 1051 188 MEMORIALE
1078 153 1402 189 HISTORICUM
1941 155 1988 190 83

230 284 361 316 Eodem
386 294 488 322 anno,
514 283 571 316 die
595 293 648 325 er
671 283 877 316 novembris.
903 302 944 306 —-
969 283 1068 317 Obiit
1093 284 1336 317 Guilielminus
1361 285 1404 317 de
1426 285 1629 318 Mediolano
1652 286 1689 318 in
1713 285 1856 318 Feraria
1879 291 1913 318 et
1939 297 1991 319 se-

139 337 254 379 pultus
277 337 345 369 fuit
368 337 414 369 ad
437 337 680 369 monasterium
703 337 929 369 Dominarum
946 337 1057 370 sancti
1072 336 1219 373 Antonii
1237 338 1281 370 de
1296 337 1468 384 Policino,
1485 349 1593 381 prope
1610 339 1787 372 civitatem
1809 338 1991 372 Ferrariae

139 390 399 428 comorantium‚
424 390 460 421 in
485 391 634 433 quadam
657 390 773 429 archa,
798 401 886 433 quae
909 396 959 423 est
982 396 1062 423 ante
1085 390 1264 423 introitum
1289 391 1405 423 dictae
1428 392 1595 424 ecclesiae
1618 392 1728 425 sancti
1751 391 1909 425 Antonii.

226 443 359 475 Eodem
383 454 484 482 anno,
510 443 642 475 die....
673 461 715 466 —
747 434 901 476 Comune
925 442 1102 476 Bononiae
1126 443 1275 476 elevavit
1305 444 1472 476 vexillum
1495 445 1586 488 regis
1616 444 1787 478 Franciae
1811 446 1848 477 in
1871 444 1986 478 Bono-

95 495 113 527 5
139 496 198 528 nia
219 502 254 528 et
278 496 437 528 dominus
461 496 606 529 Guelfus
630 496 674 528 de
696 495 802 528 Prato
825 496 937 538 primo
961 496 1113 538 portavit
1149 496 1271 539 ipsum,
1298 497 1380 540 quia
1405 497 1518 529 dictus
1546 509 1607 530 rex
1640 497 1803 531 Frantiae
1834 498 1985 541 suscepit

137 559 283 581 comune
313 547 491 581 Bononiae
522 549 559 581 in
590 549 642 581 sui
673 549 889 591 protectione
913 554 947 581 et
970 549 1212 593 salvaguardia
1236 554 1357 582 contra
1388 560 1504 582 omnes
1512 563 1521 588 3
1546 556 1580 582 et
1605 551 1648 583 de
1678 551 1745 583 hoc
1769 551 1839 583 fuit
1863 554 1988 595 magna

137 602 271 634 laetitia
295 602 332 633 in
356 601 524 635 Bononia.

224 655 356 687 Eodem
380 665 481 694 anno,
507 656 550 688 de
573 666 688 687 mense
711 654 916 687 novembris.
943 674 984 678 —-
1007 655 1232 697 Discopertus
1255 656 1323 688 fuit
1347 656 1488 699 quidam
1511 662 1688 696 tractatus,
1712 668 1813 701 quem
1836 657 1985 690 habebat

4 746 17 750 ,
136 707 194 740 hic
218 707 255 739 in
278 706 436 740 Bononia
460 718 574 740 comes
596 708 773 741 Virtutum
797 718 875 740 cum
899 709 1016 740 multis
1039 707 1325 748 Bononiensibus,
1342 715 1484 752 propter
1499 710 1593 753 quod
1609 710 1703 752 capti
1720 711 1862 744 fuerunt
1877 716 1912 743 et
1928 711 1987 743 de-

2 759 17 802 {ss
73 760 111 792 10
135 760 280 803 capitati
303 761 478 804 Johannes
500 761 657 805 Mengoli
680 761 826 793 Ysolani
850 766 884 793 et
907 761 1086 793 Melchion
1111 762 1154 794 de
1179 761 1331 794 Saliceto
1356 762 1510 794 notarius
1533 763 1570 794 in
1593 774 1662 795 una
1691 763 1780 802 vice,
1816 763 1988 807 Ugolinus

4 808 6 810 ’
135 823 249 845 comes
273 814 316 846 de
339 813 471 846 Panico
494 814 563 846 alia
586 814 674 846 vice.
720 814 765 846 Et
789 814 948 857 deminus
971 813 1230 846 Bartolomaeus
1261 815 1304 847 de
1336 814 1488 847 Saliceto
1512 815 1581 848 fuit
1604 821 1726 858 captus
1749 821 1783 848 et
1813 816 1915 858 petiit
1943 817 1987 849 de

134 867 247 910 gratia
270 867 454 909 propalare
477 872 587 899 totum
610 872 796 899 tractatum
819 872 854 899 et
877 867 927 899 sic
952 867 1044 901 dixit
1067 867 1184 899 omnia
1208 877 1324 900 coram
1350 868 1500 900 dominis
1526 868 1677 900 antianis
1699 874 1733 901 et
1760 869 1987 913 regiminibus

136 925 171 951 et
194 920 314 952 evasit.
360 920 494 951 Tamen
517 925 646 962 postea,
671 920 754 963 quia
777 920 851 963 ipse
874 920 979 952 sensit
1004 921 1098 963 quod
1121 920 1231 963 aliqui
1255 920 1474 953 intentabant
1497 922 1591 964 quod
1619 921 1693 964 ipse
1717 922 1876 955 dominus
1900 921 1985 955 Bar-

15 1005 16 1008 ,
135 972 323 1005 tolomaeus
347 972 479 1005 diceret
503 973 634 1005 factum
658 973 695 1004 in
719 973 865 1006 consilio
888 973 1053 1017 generali,
1077 973 1162 1016 ipse,
1179 984 1282 1006 causa
1306 984 1375 1006 non
1398 974 1550 1007 habendi
1574 980 1705 1007 tantam
1727 976 1984 1015 verecundiam,

13 1023 15 1026 ’
71 1023 108 1056 15
133 1025 270 1069 aufugit
293 1025 466 1058 Ferariae.
513 1026 558 1058 Et
588 1030 670 1058 tunc
702 1026 812 1069 aliqui
844 1026 937 1058 cives
968 1026 1188 1058 condemnati
1213 1031 1247 1058 et
1278 1027 1441 1058 confinati
1477 1027 1617 1060 fuerunt
1652 1029 1775 1060 contra
1804 1029 1984 1072 justitiam,

133 1078 318 1111 videlicet:
344 1078 511 1111 Nicolaus
527 1079 570 1111 de
586 1078 823 1117 Garsendinis,
847 1078 970 1111 Petrus
993 1079 1120 1111 Nicola
1145 1079 1188 1111 de
1210 1078 1420 1123 Albergads,
1437 1079 1622 1112 Fantutius
1639 1081 1682 1113 de
1697 1080 1888 1120 Fantuciis,
1911 1081 1984 1114 An-

133 1132 233 1173 dreas
246 1132 289 1164 de
301 1132 472 1170 Tomaris,
483 1132 659 1175 Johannes
677 1132 719 1163 de
736 1130 891 1170 Calcina,
908 1132 1059 1164 Nerinus
1077 1132 1120 1164 de
1137 1132 1294 1164 Galuciis
1310 1138 1345 1164 et
1356 1132 1540 1165 Mathaeus
1556 1133 1599 1165 de
1615 1133 1801 1177 Magnanis
1816 1145 1982 1177 campsor.

132 1184 177 1216 Et
201 1185 297 1217 dicto
321 1190 474 1227 tempore
497 1184 680 1216 Mathaeus
704 1185 747 1217 de
777 1184 996 1217 Griffonibus
1025 1189 1098 1217 erat
1123 1185 1166 1217 de
1190 1195 1332 1221 numero,
1354 1185 1573 1217 antianorum
1593 1191 1628 1217 et
1651 1196 1720 1218 non
1743 1187 1857 1228 potuit
1880 1189 1983 1220 modo

17 1264 19 1267 ,
131 1237 250 1280 aliquo
273 1237 415 1270 obviare
439 1243 473 1270 et
496 1238 599 1270 valde
622 1237 733 1270 doluit
757 1238 800 1270 de
824 1237 908 1280 ipsis
932 1237 1068 1270 civibus
1091 1237 1128 1269 in
1151 1242 1296 1276 tantum,
1314 1238 1408 1280 quod
1423 1238 1498 1280 ipse
1514 1238 1635 1271 habuit
1652 1240 1886 1282 quaestionem
1903 1251 1982 1273 cum

65 1291 108 1322 20
130 1290 210 1322 aliis
232 1291 392 1330 anfianis,
418 1291 500 1334 quia
522 1290 661 1323 volebat
684 1291 778 1334 quod
801 1290 977 1335 negotium
1004 1300 1074 1322 non
1089 1291 1294 1333 procederet
1316 1295 1351 1323 et
1374 1291 1575 1333 praesertim
1596 1291 1679 1335 quia
1703 1292 1778 1334 ipse
1799 1293 1983 1325 Mathaeus

131 1344 233 1376 valde
258 1343 427 1388 diligebat
451 1344 629 1376 dominum
652 1344 953 1376 Bartholomaeum
978 1344 1021 1376 de
1046 1343 1198 1376 Saliceto
1221 1349 1256 1376 et
1278 1343 1471 1386 Johannem
1494 1344 1641 1376 Ysolani
1657 1350 1691 1377 et
1708 1345 1869 1378 comitem
1885 1346 1984 1390 Ugo-

128 1396 238 1428 linum
261 1402 295 1429 et
318 1397 423 1429 etiam
446 1397 561 1429 adhuc
584 1397 672 1439 plus,
697 1397 779 1439 quia
801 1396 985 1428 Mathaeus
1008 1396 1052 1428 de
1075 1395 1260 1439 Magnanis
1283 1401 1357 1428 erat
1381 1406 1460 1428 suus
1483 1397 1593 1429 affinis
1615 1397 1699 1430 satis
1721 1398 1871 1438 strictus,
1896 1400 1979 1442 quia

129 1454 240 1481 mater
263 1450 350 1482 dicti
380 1449 536 1482 Mathaei
565 1450 609 1482 de
631 1449 817 1493 Magnanis
839 1449 908 1481 fuit
931 1449 1003 1481 filia
1027 1448 1159 1481 domini
1190 1449 1348 1481 Lianorii
1373 1450 1417 1482 de
1441 1449 1670 1483 Griffonibus.
1717 1451 1789 1484 Sed
1812 1461 1882 1484 non
1912 1452 1982 1485 fuit

129 1502 252 1535 modus
275 1503 368 1546 quod
391 1503 465 1544 ipse
487 1502 640 1545 potuerit
662 1502 755 1544 ipsos
778 1502 925 1534 evadere
949 1511 1087 1544 quoquo
1110 1502 1225 1539 modo,
1250 1500 1307 1542 [de
1330 1512 1398 1545 quo
1423 1513 1492 1534 non
1516 1502 1604 1535 bene
1627 1509 1808 1536 contentus
1831 1504 1924 1547 fuit]

65 1553 106 1586 25
220 1555 352 1588 Eodem
368 1555 561 1594 millesimo,
579 1555 636 1588 die
659 1565 769 1596 XXI11J
785 1554 987 1587 decembris.
1006 1573 1046 1577 —
1062 1554 1162 1587 Missi
1179 1555 1319 1587 fuerunt
1343 1555 1606 1591 ambassiatores
1629 1557 1785 1589 comunis
1801 1556 1979 1590 Bononiae

129 1609 175 1640 ad
200 1608 376 1641 dominum
400 1619 515 1652 regem
540 1607 711 1640 Franciae
734 1608 958 1650 infrascripti>
975 1613 1054 1646 tres,
1085 1608 1272 1640 videlicet:
1299 1608 1458 1640 dominus
1482 1609 1654 1653 Ugolinus
1686 1610 1730 1643 de
1761 1610 1976 1650 Presbiteris,

128 1661 227 1693 miles
250 1667 284 1693 et
309 1662 441 1701 doctor,
473 1661 632 1694 dominus
654 1661 840 1704 Johannes‚
864 1662 979 1705 legum
1003 1661 1136 1700 doctor,
1167 1661 1258 1693 filius
1291 1662 1374 1694 olim
1409 1662 1566 1706 magistri
1589 1662 1686 1695 Petri
1718 1662 1921 1703 Aristotilis,
1945 1670 1980 1697 et

127 1714 303 1746 Petrutius
327 1715 370 1747 de
394 1714 569 1747 Blanchis.
616 1715 661 1746 Et
685 1714 845 1747 dominus
868 1725 930 1746 rex
954 1713 1126 1746 Franciae
1148 1715 1235 1747 fecit
1258 1715 1385 1747 milites
1415 1715 1614 1758 praedictos
1645 1716 1823 1749 dominum
1846 1717 1978 1760 Johan-

10 1797 13 1801 4
128 1776 205 1799 nem
229 1773 264 1799 et
286 1768 490 1800 Petrutium.
537 1768 609 1807 Qui
635 1768 795 1800 dominus
817 1768 992 1811 Johannes
1016 1768 1163 1800 decessit
1187 1774 1221 1800 et
1245 1779 1430 1811 numquam
1454 1769 1523 1801 fuit
1545 1779 1710 1802 reversus.

9 1839 11 1842 -
61 1821 104 1852 30
213 1821 346 1854 Eodem
358 1821 549 1859 millesimo,
565 1821 622 1854 die
637 1821 759 1853 ultimo
777 1821 979 1854 decembris.
998 1839 1040 1844 —
1056 1811 1182 1854 Comes‘
1195 1821 1367 1865 Ugolinus
1382 1821 1608 1866 Maghinardi
1623 1823 1775 1856 Grandis
1788 1824 1831 1856 de
1844 1823 1976 1857 Panico

126 1874 195 1906 fuit
219 1874 436 1917 decapitatus
458 1874 495 1906 in
518 1875 634 1916 platea
657 1874 823 1913 comunis,
849 1874 942 1917 quia,
973 1885 1042 1906 una
1073 1884 1152 1906 cum
1184 1874 1326 1907 domino
1356 1873 1501 1907 Alberto
1533 1876 1577 1907 de
1600 1875 1750 1908 Galutiis
1773 1881 1807 1909 et
1831 1875 1976 1909 Franci-

127 1937 186 1959 sco
211 1927 254 1959 de
277 1926 498 1971 Butrigariis'
514 1933 549 1960 et
572 1927 676 1960 certis
699 1927 788 1966 aliis,
812 1927 962 1959 habebat
985 1932 1170 1959 tractatum
1192 1927 1231 1959 in
1254 1926 1412 1960 Bononia
1435 1938 1513 1960 cum
1538 1929 1678 1961 domino
1701 1929 1828 1962 comite
1854 1930 1976 1963 Virtu-

127 1985 199 2011 tum
224 1980 268 2012 de
290 1980 503 2013 Mediolano.
549 1980 595 2012 Et
619 1981 734 2013 dictus
757 1980 917 2013 dominus
940 1978 1104 2012 Albertus
1129 1981 1172 2012 de
1196 1980 1353 2013 Galuciis
1376 1981 1445 2012 fuit
1475 1981 1591 2023 pictus
1621 1992 1684 2024 pro
1715 1982 1894 2024 proditore
1918 1993 1977 2016 co-

127 2033 240 2065 munis
263 2027 442 2065 Bononiae
473 2033 510 2065 in
541 2034 656 2076 platea
687 2033 844 2065 comunis
875 2032 1054 2065 Bononiae
1076 2039 1110 2066 et
1133 2033 1171 2065 in
1194 2033 1274 2065 aliis
1303 2034 1391 2066 locis
1425 2033 1575 2076 publicis
1591 2063 1594 2067 .
1609 2040 1729 2077 postea
1758 2046 1822 2077 per
1851 2037 1978 2069 multos

60 2084 102 2117 35
129 2086 212 2124 dies,
237 2086 320 2129 quia
349 2086 532 2119 Mathaeus
564 2087 607 2119 de
631 2086 850 2119 Griffonibus
874 2097 1060 2129 numquam
1094 2087 1252 2129 permisit
1287 2087 1398 2128 ipsum
1435 2087 1612 2119 dominum
1646 2087 1828 2121 Albertum
1863 2089 1975 2133 pingi,

130 2139 240 2171 donec
261 2139 339 2183 ipse
368 2139 550 2172 Mathaeus
580 2139 648 2172 fuit
671 2139 841 2179 anfianus,
867 2139 949 2183 quia
972 2144 1046 2171 erat
1069 2140 1171 2172 valde
1195 2140 1327 2172 amicus
1351 2140 1438 2172 dicti
1471 2140 1604 2173 domini
1634 2139 1771 2174 Alberti
1796 2142 1839 2174 de
1864 2142 1972 2175 Galu-

125 2193 211 2231 ciis3
235 2193 297 2225 sed
320 2203 399 2225 cum
429 2193 543 2225 dictus
572 2192 755 2225 Mathaeus
777 2192 889 2225 exivit
913 2193 955 2225 de
979 2192 1091 2225 officio
1115 2193 1322 2232 antianatus,
1347 2193 1579 2226 incontinenti
1609 2194 1692 2226 novi
1722 2194 1857 2227 antiam'
1881 2195 1977 2228 fece·
2000 2193 2003 2196 ’

127 2251 207 2278 runt
230 2245 330 2290 pingi
355 2246 486 2278 dictum
511 2241 687 2278 dominum
710 2244 892 2278 Albertum
916 2245 1050 2287 [contra
1073 2246 1284 2278 voluntatem
1309 2246 1397 2278 dicti
1420 2246 1586 2285 Mathaei,
1611 2247 1671 2290 qui
1694 2248 1858 2280 voluisset
1881 2249 1976 2292 quod

0 2322 10 2343 3
127 2298 249 2331 fuisset
273 2309 454 2341 suspensus
477 2304 512 2331 et
535 2309 605 2331 non
629 2298 812 2341 depictus]

0 2358 15 2400 33
62 2353 104 2384 40
215 2352 543 2385 MCCCLXXXX.
560 2352 693 2385 Eodem
709 2350 900 2392 millesimo,
919 2352 976 2385 die
991 2363 1034 2394 11J
1049 2352 1176 2386 martii.
1189 2372 1231 2376 —
1244 2352 1399 2385 Fuerunt
1415 2353 1610 2387 destructae
1627 2354 1757 2393 domus,
1771 2365 1859 2398 quae
1874 2361 1972 2388 erant

126 2416 170 2437 ex
187 2405 346 2448 opposito
369 2405 551 2448 hospitalis
575 2406 618 2438 de
634 2405 758 2445 Morte,
777 2416 880 2438 causa
896 2406 1091 2448 incipiendi
1107 2406 1292 2438 aedificare
1308 2406 1490 2439 ecclesiam
1507 2407 1617 2439 sancti
1633 2407 1800 2446 Petronii,
1817 2409 1864 2440 ad
1880 2409 1975 2452 quod

126 2458 334 2491 laborerium
358 2459 499 2491 fuerunt
522 2464 755 2504 suprastantes
785 2458 945 2492 Andreas
977 2459 1110 2503 Juliani
1145 2459 1283 2493 Cambii
1318 2460 1473 2507 notarius
1495 2465 1530 2492 et
1554 2460 1724 2504 Georgius
1747 2459 1974 2505 Bonsignoris

126 2512 310 2544 lanarolus.
637 2509 639 2527 ³

11 2587 13 2603 ς
214 2565 346 2597 Eodem
370 2565 559 2604 millesimo,
577 2565 635 2598 die
650 2565 763 2608 primo
779 2566 872 2610 maji.
891 2585 932 2589 ——
955 2566 1124 2599 Dominus
1140 2577 1254 2599 comes
1270 2566 1458 2606 Virtutum,
1477 2567 1637 2600 dominus
1653 2567 1858 2607 Mediolani,
1874 2567 1968 2600 misit

11 2622 14 2623 ’
60 2616 101 2649 45
126 2623 195 2650 tres
217 2617 412 2650 trombittas
435 2618 481 2650 ad
505 2617 730 2651 diffidaudum
754 2629 900 2651 comune
922 2618 1117 2658 Bononiae3
1134 2620 1194 2652 sed
1211 2620 1390 2652 insultavit
1413 2625 1493 2652 ante
1517 2619 1647 2652 dictam
1665 2620 1903 2653 diffidantiam.
1929 2621 1975 2653 Et

126 2676 209 2703 tuuc
232 2671 395 2713 incoepta
418 2671 487 2703 fuit
510 2682 634 2715 magna
663 2682 788 2716 guerra
811 2672 902 2704 inter
925 2672 1037 2715 ipsum
1060 2678 1095 2705 et
1119 2683 1264 2705 comune
1287 2672 1475 2706 Bononiae.
1522 2673 1569 2706 Et
1592 2673 1752 2706 similiter
1774 2673 1829 2706 his
1853 2673 1974 2706 diebus

216 2831 228 2849 1
249 2823 422 2858 Mediolano]
440 2825 532 2851 scn'tto
548 2833 579 2850 su
597 2825 765 2851 rasckx'atura
783 2840 816 2845 —
835 2832 850 2858 3
870 2825 1003 2859 Antonii]
1022 2834 1136 2859 seguono
1154 2826 1242 2859 citaque
1254 2827 1354 2858 parole
1377 2827 1508 2853 raschiate
1527 2841 1560 2846 —
1579 2834 1596 2859 4
1616 2827 1636 2851 I
1643 2827 1753 2858 pantini
1769 2830 1974 2859 rappresentano

126 2874 177 2891 una
195 2867 288 2891 lacuna
305 2867 420 2891 lases‘ata
437 2866 531 2892 dall'a.
552 2882 585 2886 —
605 2874 639 2899 ²4
656 2868 690 2892 de
709 2875 824 2900 quo....
843 2867 909 2901 fuit]
923 2869 1023 2905 parolq
1037 2870 1130 2894 scritte
1148 2869 1184 2894 da
1203 2870 1280 2895 altra
1298 2877 1373 2894 mano
1392 2884 1425 2888 —
1444 2869 1527 2902 38-39
1545 2870 1700 2894 contra....
1721 2869 1859 2902 depictus]
1874 2871 1974 2901 parole

125 2908 214 2933 scritta
232 2908 267 2933 da
282 2909 360 2934 altra
377 2916 453 2934 mano

2060 674 2080 689 c.
2095 673 2135 692 ιιι
2151 668 2163 688 D

2051 1941 2119 1962 Mus.
2126 1957 2131 1966 ,
2144 1942 2184 1961 200
