2242 3418
100 472 120 486 c.
136 465 178 486 1⁶⁶
193 465 205 485 ὸ

72 572 96 591 M
100 576 148 595 υυυυ
165 571 202 590 218

99 1947 120 1963 c.
132 1941 174 1965 1⁶7
187 1941 199 1961 b

98 2733 202 2755 edua

282 164 329 202 98

767 159 1052 197 MATTHAEI
1079 160 1149 195 DE
1179 158 1526 195 GRIFFONIBUS
1841 165 2117 202 [AA.1410-1411]

365 295 494 327 Eodem
511 303 611 332 ann0,
629 293 686 325 die
708 303 736 334 1J
758 293 885 325 martii.
903 312 943 315 —
959 292 1127 324 Dominus
1151 302 1242 334 papa
1257 291 1353 323 venit
1369 290 1406 322 in
1424 290 1553 323 Sancto
1577 290 1742 324 Petronio
1767 302 1844 324 cum
1869 293 2027 325 omnibus
2042 304 2119 326 car-

279 348 451 381 dinalibus
474 352 507 379 et
531 347 580 378 ibi
604 346 690 378 fecit
713 346 785 378 dici
810 357 911 378 unam
935 345 1081 377 missam.
1128 344 1251 376 Postea
1274 354 1352 376 cum
1376 354 1444 376 una
1468 353 1551 376 roxa
1567 343 1604 375 in
1620 355 1724 376 manu
1737 346 1885 378 accessit
1900 346 1937 378 in
1952 347 2119 389 palatium

277 407 311 433 et
334 400 430 433 dedit
453 401 561 442 ipsam
585 409 696 431 rosam
721 399 860 431 domino
884 398 1077 430 marchioni
1101 397 1273 430 Ferariae.

367 453 497 485 Eodem
520 462 622 490 anno,
647 452 704 483 die
727 461 795 492 vn]
810 451 947 493 aprelis.
966 471 1006 474 —
1031 451 1198 482 Dominus
1222 450 1355 493 legatus
1378 450 1444 482 ivit
1467 450 1512 482 ad
1538 460 1697 492 campum
1722 461 1800 483 cum
1823 452 1985 496 gentibus
2007 463 2120 485 armo-

276 517 349 538 rum
372 506 417 537 ad
441 504 689 546 Forumpopuli
712 510 747 536 et
771 505 869 536 duxit
893 514 1007 536 secum
1039 503 1282 545 infrascriptos
1313 503 1418 541 cives,
1441 502 1624 535 videlicet:
1650 504 1827 536 dominum
1850 505 2044 548 Ricardum
2077 506 2120 538 de
2166 505 2184 537 5

277 559 414 600 Pepolis
437 547 807 595 militem,'dominum'
830 557 981 599 Lippum
999 557 1042 588 de
1059 556 1257 589 Ghisileriis
1280 556 1437 595 militem,
1463 556 1639 588 dominum
1663 557 1923 590 Lambertinum
1948 559 1992 591 de
2014 559 2121 592 Cani-

276 612 348 643 tulo
371 610 525 646 militem,
549 610 768 642 Leonardum
793 611 837 642 de
860 610 1021 647 Castello,
1045 610 1238 652 Johannem
1266 610 1309 641 de
1338 609 1567 647 Griffonibus‚
1592 608 1818 642 Franciscum
1850 611 1893 643 de
1925 611 2120 650 Guidocfis,

275 662 487 695 Aristotilem
512 663 643 695 domini
666 663 836 705 Johannis
857 661 1057 700 Aristotilis‚
1081 662 1268 694 Tomacem
1293 662 1337 694 de
1360 662 1554 694 Guidoctis.

361 716 427 747 Die
450 716 639 758 praedicta.
664 735 705 738 —
729 715 902 748 Antonius
918 716 961 748 de
978 715 1162 747 Guidoctis
1178 715 1300 747 missus
1324 715 1392 747 fuit
1415 716 1461 747 ad
1485 715 1663 748 civitatem
1686 716 1835 749 Tuderti
1858 728 1921 760 per
1944 717 2121 751 dominum

274 779 398 812 papam
421 769 467 800 ad
489 769 647 801 standum
664 768 714 800 ibi
730 779 793 811 pro
810 778 869 800 suo
886 769 1068 810 capitaneo
1092 773 1126 800 et
1149 768 1414 807 locumtenente‚
1437 767 1498 800 ubi
1522 769 1618 801 stetit
1640 769 1732 801 ultra
1754 779 1847 811 xan
1869 781 2010 804 menses.
2149 772 2188 804 10

362 821 492 854 Eodem
516 831 617 860 anno,
643 821 700 853 die
722 831 766 862 11J
788 821 880 864 maji.
906 840 947 844 —
978 821 1147 853 Dominus
1170 832 1263 863 papa
1285 819 1485 853 Alexander
1500 822 1638 864 quintus
1661 821 1750 855 obiit
1773 823 1810 855 in
1834 822 1991 857 Bononia
2013 830 2048 857 et
2070 835 2122 857 se-

274 875 388 917 pultus
411 879 461 906 est
483 874 529 906 ad
553 874 718 907 Sanctum
741 874 966 906 Franciscum
990 875 1091 906 valde
1114 874 1314 907 honorifice.

359 927 426 959 Die
449 937 487 968 Χ]
510 927 596 959 dicti
620 927 746 959 mensis
769 927 861 971 maji,
879 927 1055 959 dominica
1077 927 1309 960 Pentecostes.
1327 947 1367 951 —
1392 927 1538 960 Factum
1562 928 1631 961 fuit
1654 929 1844 971 capitulum
1868 931 2028 974 generale
2050 931 2122 964 fra-

273 986 362 1013 trum
385 979 668 1012 Praedicatorum
691 981 729 1012 in
751 980 910 1013 Bononia
932 980 970 1012 in
992 980 1141 1013 ecclesia
1163 981 1275 1013 sancti
1291 981 1479 1020 Dominici‚
1503 986 1658 1024 tempore
1689 982 1819 1015 domini
1851 983 1970 1016 fratris
1991 983 2123 1017 Tomae

273 1033 317 1066 de
339 1031 468 1071 Firmo,
491 1043 608 1066 eorum
631 1034 811 1077 generalis.
2149 1034 2186 1070 15

364 1086 495 1118 Eodem
518 1097 619 1125 anno,
644 1087 701 1119 die
725 1096 803 1128 XVIJ
825 1087 918 1131 maji,
944 1098 1033 1130 quae
1063 1088 1132 1120 fuit
1163 1087 1237 1120 dies
1269 1088 1391 1127 sabati,
1423 1089 1510 1121 hora
1532 1099 1581 1130 XJ.
1606 1108 1647 1112 -—
1674 1089 1820 1122 Creatus
1842 1090 1911 1122 suit
1934 1101 2036 1134 papa,
2061 1091 2123 1124 do-

273 1138 385 1170 minus
407 1144 531 1178 noster,
549 1140 708 1172 dominus
730 1139 934 1173 Baldassara
950 1141 1067 1180 Cossa,
1091 1147 1125 1173 et
1148 1146 1291 1173 vocatus
1314 1142 1382 1173 fuit
1405 1152 1496 1184 papa
1518 1142 1694 1185 Johannes
1715 1143 1839 1175 XXIII
1861 1148 1896 1176 et
1918 1144 2032 1176 factus
2055 1143 2123 1176 fuit

271 1201 362 1234 papa
386 1190 562 1224 Bononiae
585 1192 622 1224 in
645 1193 777 1235 palatio
801 1204 881 1226 suae
905 1194 1113 1226 residentiae
1135 1205 1198 1236 per
1222 1194 1380 1227 dominos
1404 1195 1609 1234 cardinales,
1634 1195 1695 1238 qui
1723 1197 1865 1229 fuerunt
1887 1206 1981 1238 xan
2007 1196 2123 1230 cardi-

273 1244 376 1277 nales.
421 1245 466 1277 Et
489 1245 533 1277 ob
556 1245 595 1277 id
618 1246 749 1278 factum
773 1247 842 1278 fuit
864 1258 1026 1291 magnum
1049 1248 1175 1280 festum
1199 1247 1236 1279 in
1260 1247 1434 1286 Bononia3
1459 1254 1494 1281 et
1518 1249 1576 1281 die
1599 1258 1675 1280 xxv
1699 1249 1787 1282 dicti
1814 1250 1940 1282 mensis
1963 1249 2037 1292 ipse
2061 1250 2123 1283 do-

268 1297 384 1329 minus
406 1308 496 1340 papa
520 1298 610 1331 dixit
631 1299 768 1331 missam
793 1300 830 1331 in
854 1300 984 1333 Sancto
1007 1301 1171 1333 Petronio
1194 1306 1229 1333 et
1252 1301 1321 1333 fuit
1344 1307 1528 1334 coronatus
1551 1312 1644 1344 papa
1666 1301 1704 1333 in
1728 1301 1858 1335 Sancto
1880 1302 2055 1336 Petronio.
2146 1304 2189 1336 20

359 1350 489 1383 Eodem
513 1362 614 1390 anno,
639 1352 697 1384 die
719 1363 758 1394 vJ
779 1353 879 1397 junii.
905 1373 946 1376 —
970 1354 1049 1386 Rex
1070 1353 1246 1398 Aluysius‚
1262 1354 1353 1386 filius
1376 1354 1459 1386 olim
1486 1355 1617 1387 domini
1642 1355 1742 1388 ducis
1767 1356 1811 1388 de
1833 1354 1935 1399 Anco
1958 1361 1993 1388 et
2016 1365 2123 1399 nepos

272 1403 403 1435 domini
419 1404 510 1448 regis
532 1403 713 1444 Franciae‚
729 1406 826 1438 venit
848 1406 885 1438 in
909 1405 1067 1439 Bononia
1090 1418 1169 1439 cum
1192 1407 1315 1450 pulcra
1338 1413 1373 1440 et
1395 1407 1592 1441 honorabili
1610 1408 1775 1441 comitiva
1793 1409 1840 1450 [et
1855 1408 1951 1442 stetit
1966 1409 2004 1442 in
2020 1409 2123 1442 domo

271 1454 403 1488 domini
426 1455 681 1491 Bartholomaei
705 1459 749 1491 de
771 1459 976 1503 Bologninis
999 1460 1121 1502 miles].

359 1508 490 1542 Eodem
517 1520 618 1550 anno,
643 1511 702 1543 die
724 1521 778 1553 X1J
800 1512 899 1556 junii.
925 1531 967 1536 —-
998 1513 1170 1557 Georgius
1200 1514 1244 1546 de
1276 1514 1457 1547 Ordelaffis
1487 1515 1624 1558 accepit
1658 1515 1799 1548 domino
1830 1525 1943 1558 papae
1973 1521 2122 1549 castrum

272 1560 395 1600 orioli,
419 1563 512 1605 quod
535 1569 587 1596 est
609 1574 719 1607 prope
742 1563 945 1598 Faventiam
969 1576 1032 1608 per
1054 1567 1122 1599 tria
1145 1566 1321 1599 milliaria.
2146 1567 2188 1602 25

357 1614 488 1647 Eodem
511 1626 613 1656 anno,
638 1618 696 1650 die
719 1628 812 1660 xan
835 1619 934 1662 junii.
961 1638 1002 1643 —
1026 1620 1202 1663 Johannes
1226 1621 1414 1660 Galeafius,
1439 1621 1529 1654 filius
1560 1621 1644 1654 olim
1671 1621 1829 1667 Astorgii
1853 1623 1897 1655 de
1928 1622 2124 1656 Manfredis

273 1667 315 1700 de
338 1666 516 1708 Faventia,
540 1669 684 1703 intravit
706 1677 742 1703 et
763 1672 902 1714 accepit
926 1671 1131 1705 Faventiam
1158 1674 1299 1706 domino
1322 1680 1439 1707 nostro
1462 1685 1584 1717 papae.
1639 1685 1642 1687 ·

357 1721 424 1753 Die
447 1730 540 1764 xan
563 1723 651 1756 dicti
673 1724 799 1757 mensis
821 1725 921 1768 junii.
946 1744 988 1749 -—
1010 1726 1090 1758 Rex
1112 1725 1277 1770 Aluysius
1293 1727 1493 1770 praedictus
1516 1729 1657 1762 recessit
1679 1734 1714 1762 et
1737 1729 1803 1762 ivit
1825 1739 1943 1762 versus
1963 1729 2124 1769 Romam,

272 1783 374 1806 causa
397 1775 503 1808 eundi
525 1776 573 1809 ad
596 1777 723 1810 damna
745 1778 837 1822 regis
859 1778 1058 1823 Lancislay.

359 1827 490 1860 Eodem
512 1839 614 1868 anno,
639 1830 697 1863 die
718 1840 758 1872 xj
780 1830 942 1864 octobris.
967 1850 1009 1855 -—
1033 1832 1133 1866 Obiit
1154 1832 1324 1873 Andreas,
1348 1834 1439 1867 filius
1460 1834 1592 1879 Aeonis
1616 1836 1660 1869 de
1682 1836 1833 1869 Torellis
1839 1849 1849 1876 3
1866 1842 1900 1869 et
1917 1836 1974 1870 die
1990 1846 2124 1878 xxva
2146 1837 2190 1869 30

273 1879 360 1913 dicti
382 1881 507 1914 mensis
530 1882 683 1915 octobris
705 1884 795 1916 obiit
817 1884 933 1917 dictus
955 1884 1054 1929 Acco
1079 1887 1122 1918 de
1145 1887 1296 1920 Torellis
1318 1893 1472 1930 tempore
1495 1889 1612 1931 pestis.

360 1933 595 1969 M.CCCCXI.
619 1937 751 1970 Eodem
774 1948 876 1978 anno,
900 1938 958 1971 die
982 1949 1046 1980 va
1067 1939 1227 1983 januarii.
1252 1959 1294 1964 -——
1317 1941 1396 1974 Rex
1417 1941 1594 1986 Aluysius,
1619 1943 1662 1976 de
1686 1953 1755 1987 quo
1781 1954 1885 1986 supra
1914 1944 1953 1976 fit
1982 1943 2123 1983 meatim

272 1996 426 2019 reversus
448 1988 517 2021 fuit
538 1987 741 2024 Bononiam.

360 2039 492 2073 Eodem
515 2052 616 2081 anno,
649 2043 706 2076 die
738 2044 915 2078 dominica
945 2051 1085 2080 sanctae
1115 2047 1312 2087 Caterinae‚
1337 2058 1416 2090 xxij
1443 2049 1570 2082 mensis
1600 2050 1734 2083 marcii.
1760 2069 1802 2074 —
1831 2050 2002 2083 Dominus
2031 2061 2124 2094 papa

271 2091 445 2135 Johannes
466 2093 598 2135 XXIII,
622 2096 771 2129 existens
793 2096 971 2132 Bononiae
994 2100 1031 2131 in
1054 2101 1195 2143 palatio,
1221 2102 1319 2134 dedit
1342 2112 1460 2135 roxam
1485 2103 1582 2136 dicto
1606 2103 1748 2136 domino
1772 2104 1846 2148 reg-i
1873 2102 2031 2148 Aluysio.
2077 2104 2123 2137 Et
2145 2102 2187 2136 35

273 2144 331 2177 die
353 2154 429 2178 xxx
451 2147 539 2180 dicti
562 2149 687 2182 mensis
710 2151 824 2184 dictus
853 2162 909 2184 res
938 2152 1104 2197 Aluysius
1135 2154 1278 2187 recessit
1309 2160 1344 2187 et
1374 2155 1440 2188 ivit
1470 2166 1588 2188 versus
1619 2156 1767 2189 Romam
1798 2157 1845 2190 ad
1876 2157 2002 2190 damna
2031 2157 2124 2202 regis

273 2197 469 2244 Lancislay.
792 2230 796 2232 .

362 2251 493 2285 Eodem
515 2264 617 2295 anno,
641 2256 699 2288 die
721 2257 842 2290 ultimo
864 2259 991 2293 martii.
1016 2279 1057 2284 —
1080 2261 1249 2294 Dominus
1271 2272 1364 2305 papa
1385 2263 1561 2306 Johannes
1584 2264 1784 2306 praedictus
1806 2263 1949 2297 recessit
1979 2264 2024 2297 de
2053 2262 2122 2296 Bo—

274 2304 379 2336 nonia
400 2310 435 2337 et
457 2306 523 2339 ivit
544 2307 703 2348 Romam,
724 2320 828 2343 causa
852 2312 961 2345 dandi
985 2314 1111 2346 damna
1134 2315 1208 2359 regi
1229 2315 1424 2355 Lancislao‚
1441 2322 1476 2348 et
1493 2316 1626 2349 dimisit
1648 2317 1708 2349 hic
1732 2317 1770 2349 in
1792 2316 1951 2350 Bononia
1972 2327 2036 2360 pro
2059 2327 2121 2349 suo

273 2356 386 2400 legato
409 2359 585 2392 dominum
608 2362 819 2396 cardinalem
843 2365 992 2408 Neapoli
1015 2371 1051 2399 et
1073 2367 1206 2400 dimisit
1229 2369 1332 2401 etiam
1355 2369 1522 2413 Luysium
1547 2371 1591 2402 de
1613 2370 1729 2410 Frate,
1753 2381 1851 2403 suum
1874 2370 2121 2409 consiliarium,
2144 2371 2188 2403 40

273 2409 333 2452 qui
356 2417 430 2444 erat
452 2412 511 2445 hic
535 2415 633 2456 quasi
657 2416 817 2449 dominus
840 2416 1028 2458 Bononiae,
1053 2420 1136 2464 quia
1158 2421 1261 2454 valde
1285 2423 1525 2465 complacebat
1548 2424 1707 2456 omnibus
1731 2424 1878 2457 civibus.

360 2463 491 2497 Eodem
514 2477 616 2506 anno,
634 2468 692 2500 die
707 2478 842 2512 xxva
863 2472 1001 2514 aprelis.
1019 2491 1061 2497 -
1076 2474 1244 2507 Dominus
1261 2475 1449 2508 cardinalis
1465 2482 1500 2509 et
1515 2476 1648 2520 legatus
1670 2476 1764 2509 misit
1787 2487 1947 2520 campum
1969 2477 2017 2510 ad
2033 2476 2121 2510 San-

273 2521 365 2548 ctum
387 2517 578 2560 Johannem
601 2520 649 2553 im
672 2522 857 2564 Persiceto,
873 2525 1001 2558 rebelle
1024 2527 1180 2560 comunis
1202 2528 1390 2568 Bononiae,
1415 2535 1450 2562 et
1473 2539 1589 2562 omnes
1605 2530 1787 2563 societates
1802 2529 1940 2562 Artium
1955 2529 2121 2563 miserunt

273 2567 323 2600 ibi
347 2579 425 2602 suas
446 2570 631 2606 banderias
654 2584 732 2607 cum
756 2576 955 2610 hominibus
978 2580 1185 2614 sotietatum.
2088 2607 2091 2611 ·

361 2622 491 2656 Eodem
514 2635 615 2659 anno.
639 2646 681 2651 —
704 2627 787 2662 Fuit
808 2630 966 2672 peximus
988 2633 1192 2666 recollectus
1214 2645 1277 2677 per
1299 2640 1408 2668 totum
1432 2635 1633 2669 comitatum
1657 2635 1835 2670 Bononiae
1857 2642 1892 2669 et
1913 2636 2024 2669 valuit
2046 2636 2120 2669 fru-
2142 2635 2184 2668 45

273 2680 423 2707 mentum
446 2677 550 2710 libras
573 2689 631 2720 111J
653 2685 688 2713 et
710 2682 825 2715 soldos
848 2693 873 2715 x
895 2694 960 2727 pro
983 2685 1088 2719 corbe
1110 2692 1146 2720 et
1169 2687 1252 2720 faba
1273 2688 1381 2721 libras
1404 2699 1457 2731 11J.

364 2727 494 2761 Eodem
516 2741 618 2771 anno,
635 2733 692 2765 die
714 2743 768 2776 κῃ
789 2737 915 2770 mensis
937 2739 1032 2783 maji,
1047 2739 1134 2772 hora
1157 2749 1206 2782 xj.
1232 2759 1274 2765 -—
1297 2740 1451 2785 Populus
1473 2742 1652 2776 Bononiae
1674 2743 1781 2776 traxit
1803 2743 1849 2776 ad
1871 2754 1968 2776 arma
1989 2747 2024 2776 et
2046 2742 2116 2776 cri-

361 2851 377 2876 8
395 2853 554 2888 Guldoetis]
571 2857 685 2889 seguu'va
702 2867 736 2884 un
754 2860 826 2885 altro
843 2868 917 2886 nome
935 2862 978 2887 che
989 2864 1028 2897 fu
1046 2864 1177 2890 raschiato
1196 2879 1229 2885 —
1249 2871 1330 2898 ²²·23
1350 2867 1379 2892 et
1398 2868 1537 2893 stetit....
1557 2866 1645 2901 miles]
1658 2876 1725 2900 agg.
1739 2867 1814 2893 assai
1823 2866 1873 2900 piis
1892 2867 1970 2893 tardi
1985 2867 2021 2892 da
2040 2867 2117 2892 “Hm

273 2900 347 2918 mano
366 2908 399 2913 -
417 2901 496 2927 30-31
516 2898 626 2924 Nota‘u'a
643 2908 712 2933 agg.
726 2900 776 2932 pit>
793 2903 874 2927 tardi
890 2918 923 2923 —
943 2911 974 2936 41
995 2906 1196 2939 complacebat]
1214 2908 1307 2934 scritto
1325 2917 1354 2933 su
1373 2909 1506 2935 abrasum
