2242 3418
90 1083 138 1102 un„
153 1077 189 1097 189

83 1561 104 1577 c.
119 1555 161 1576 ¹2⁶
175 1555 187 1575 Β

277 194 322 234 74
810 187 1090 225 ΜΑΤΤΗΑΕΙ
1117 185 1188 222 DE
1218 184 1567 222 GRIFFONIBUS
1825 192 1909 226 [ΑΛ.
1931 195 2112 229 13764377]

357 326 423 359 Die
445 334 524 356 vero
548 331 629 362 xrnJ
653 319 740 353 dicti
762 318 897 350 mensis.
928 336 968 339 —
995 315 1139 348 Munsus
1163 315 1206 347 de
1230 314 1416 347 Sabadinis
1439 320 1473 346 et
1495 314 1665 356 Lippolus
1689 315 1733 347 de
1755 314 1950 350 Becadellis
1976 318 2117 352 fuerunt

270 379 364 411 dicta
388 378 430 410 de
453 385 554 408 causa
578 372 766 414 decapitati
789 371 826 402 in
849 371 973 412 platea.
1018 367 1122 400 Multi
1146 367 1219 406 alii,
1243 366 1426 398 occasione
1444 366 1531 398 dicti
1547 372 1720 406 tractatus,
1737 367 1915 412 fugierunt
1929 376 1963 403 et
1979 371 2114 404 banniti

270 433 407 464 fuerunt
429 439 489 472 pro
513 426 706 463 rebellibus,
738 425 830 456 inter
860 432 946 466 quos
975 423 1116 454 fuerunt
1141 419 1301 452 dominus
1323 419 1454 458 Petrus,
1480 419 1689 452 Comacinus
1712 426 1746 452 et
1770 420 1931 455 Stefanus
1962 424 2005 455 de
2029 423 2115 456 For-

271 483 439 528 maglinis,
471 479 674 513 Guilielmus
705 477 749 510 de
780 475 871 514 Sala,
901 474 1052 518 Jacobus
1075 473 1118 504 de
1142 472 1284 516 Ignano,
1308 471 1482 514 johannes
1510 472 1680 504 Vandutii
1704 472 1871 514 becarius,
1897 475 2048 518 jacobus
2072 478 2115 509 de

269 536 410 570 Lamola
433 532 584 566 notarius
614 537 648 563 et
678 529 777 562 multi
803 528 875 560 alii.
922 526 967 559 Et
998 526 1111 558 dictus
1143 525 1304 557 Stefanus
1336 524 1379 556 de
1410 523 1642 568 Formaglinis
1671 525 1781 558 evasit
1809 537 2001 569 personam,
2033 530 2114 573 quia

269 589 447 623 Mathaeus
470 586 513 618 de
537 583 754 617 Griffonibus
777 585 943 624 cognatus
966 589 1056 617 suna,
1088 578 1148 620 qui
1172 583 1245 609 erat
1269 577 1313 608 de
1335 577 1405 608 alia
1428 582 1537 619 parte,
1561 577 1661 610 duxit
1683 578 1795 620 ipsum
1819 585 1915 612 extra
1938 581 2113 615 civitatem

267 649 301 675 et
323 641 407 674 fecit
430 640 541 682 ipsum
564 636 682 669 sotiari
707 644 814 677 usque
837 639 932 665 extra
956 631 1156 663 comitatum
1172 629 1361 669 Bononiae,
1386 630 1468 672 quia
1492 630 1628 674 aufugit
1652 630 1689 661 in
1707 631 1808 664 domo
1824 631 1933 674 ipsius
1947 633 2113 669 Mathaei.

354 693 485 727 Eodem
509 700 611 728 anno,
636 689 679 721 de
702 696 817 719 mense
839 684 1035 718 novembris
1058 702 1099 706 —
1124 682 1207 715 Fuit
1229 692 1373 726 magnus
1396 692 1513 715 rumor
1535 683 1573 714 in
1604 681 1773 723 Bononia,
1797 694 1838 717 eo
1869 686 1951 729 quia
1981 687 2113 720 dictum

267 749 334 781 fuit
356 746 450 790 quod
473 743 559 776 certi
582 745 758 785 magnates
781 738 943 771 volebant
976 737 1095 768 facere
1119 736 1245 767 reverti
1269 735 1349 767 illos
1373 735 1417 767 de
1439 735 1590 777 Pepolis.
1637 735 1683 768 Et
1706 736 1790 768 hora
1818 739 2001 771 terciamm
2024 740 2114 773 Leo-

267 801 392 833 nardus
416 799 459 830 de
481 793 700 837 Bentevoglis
723 791 818 824 venit
833 791 870 822 in
887 790 1001 832 platea
1015 795 1050 821 et
1065 788 1220 830 incoepit
1236 788 1406 820 clamare:
1425 806 1466 810 —
1484 788 1588 821 Vivat
1603 789 1752 831 populus
1769 795 1804 822 et
1820 791 2010 824 moriantur
2032 803 2114 835 pro-
2133 795 2172 827 10

266 851 411 887 ditoresl
431 869 467 874 —
486 849 531 882 Et
547 854 628 880 tunc
645 845 853 878 Franciscus
869 843 912 875 de
930 841 1060 875 Scottis
1076 842 1119 874 de
1142 841 1333 880 Placentia,
1349 846 1501 883 potestas
1517 840 1705 881 Bononiae,
1722 852 1791 874 una
1807 853 1885 875 cum
1901 844 2053 878 Tuniolo
2070 847 2114 879 de

265 905 423 944 Torellis,
447 902 507 946 qui
530 905 603 933 erat
627 900 670 931 de
694 906 835 929 numero
858 896 1087 934 antianorum,
1111 900 1145 926 et
1169 893 1412 926 Becharoellus
1436 894 1480 926 de
1503 893 1725 939 Bentevoglis
1747 896 1883 929 iverunt
1905 898 1951 929 ad
1975 898 2114 931 domum

265 957 408 1003 Ugolini
433 956 476 988 de
499 951 688 990 Baldoinis,
705 950 787 993 quia
811 948 993 981 dicebatur
1016 947 1111 990 quod
1132 947 1208 989 ipse
1230 947 1368 979 volebat
1384 947 1479 990 quod
1503 947 1557 979 illi
1581 948 1624 979 de
1648 948 1788 990 Pepolis
1810 949 1962 983 redirent
1969 962 1979 988 ;
2003 957 2037 983 et
2053 962 2114 984 vo-

264 1013 380 1045 lebant
401 1018 525 1051 capere
549 1006 681 1038 dictum
703 1002 892 1046 Ugolinum
916 1006 951 1032 et
974 1010 1043 1032 non
1066 1000 1271 1032 invenerunt
1293 999 1406 1042 ipsum
1429 1001 1476 1032 ad
1500 1000 1650 1040 domum,
1667 1001 1750 1044 quia
1773 1001 1848 1044 ipse
1871 1008 2020 1036 traxerat
2034 1014 2113 1036 cum

264 1075 324 1098 sua
347 1061 509 1096 comitiva
532 1059 578 1091 ad
601 1058 739 1090 domum
761 1053 886 1098 Jacobi
911 1054 954 1086 de
978 1052 1196 1085 Griffonibus
1220 1052 1462 1092 confalonerii,
1486 1052 1547 1085 ubi
1570 1053 1657 1086 erat'
1680 1064 1806 1098 magna
1829 1055 2014 1089 multitudo
2029 1067 2112 1101 gen-

261 1119 346 1152 tium
368 1113 488 1159 populi
511 1117 728 1145 armatarum.
774 1108 818 1140 Et
842 1107 958 1140 dictus
983 1106 1158 1150 Ugolinus
1188 1105 1328 1138 volebat
1363 1106 1458 1149 quod
1489 1106 1605 1139 dictus
1634 1107 1788 1150 Jacobus
1819 1109 1863 1140 de
1895 1108 2114 1143 Griffonibus

262 1172 327 1204 iret
349 1179 428 1202 eum
450 1166 635 1199 confalone
657 1163 703 1195 ad
726 1161 885 1204 plateam.
932 1159 1002 1192 Sed
1026 1159 1197 1191 macerius
1212 1159 1431 1191 antianorum
1455 1165 1530 1192 erat
1553 1160 1604 1193 ibi
1627 1167 1661 1192 et
1683 1161 1924 1204 praecipiebat
1947 1162 2113 1196 continuo

261 1225 356 1258 dicto
377 1220 509 1266 Jacobo
533 1218 628 1262 quod
650 1217 696 1249 ad
718 1225 865 1258 poenam
888 1213 1015 1256 capitis
1038 1222 1108 1245 non
1131 1213 1327 1245 discederet
1349 1223 1371 1244 a
1394 1213 1496 1245 domo
1521 1223 1582 1245 sua
1605 1224 1684 1245 cum
1699 1215 1872 1258 gentibus,
1889 1226 1974 1259 quas
1996 1226 2112 1249 secum

260 1276 418 1310 habebat.
464 1273 508 1305 Et
531 1273 597 1304 isto
620 1269 735 1302 medio
758 1271 1030 1310 supervenerunt
1053 1265 1103 1299 ibi
1127 1266 1173 1298 ad
1197 1266 1336 1298 domum
1361 1266 1449 1298 dicti
1471 1266 1597 1309 Jacobi
1622 1267 1736 1299 dictus
1758 1274 1909 1310 potestas
1931 1275 1966 1301 et
1996 1269 2111 1302 dictus

260 1329 428 1363 Tuniolus
450 1326 611 1359 antianus
626 1329 659 1356 et
675 1322 790 1355 dictus
805 1319 1050 1352 Becharoellus
1072 1325 1107 1351 et
1130 1319 1303 1351 duxerunt
1318 1329 1435 1351 secum
1458 1320 1505 1351 ad
1527 1320 1695 1362 palatium
1713 1321 1846 1353 dictum
1862 1321 2052 1365 Ugolinum
2069 1323 2112 1355 de

259 1381 449 1420 Balduinis,
473 1378 534 1423 qui
556 1376 729 1421 Ugolinus
752 1379 854 1407 nocte
877 1372 1033 1416 sequenti
1057 1372 1126 1405 fuit
1149 1372 1351 1405 confinatus.
1398 1373 1443 1405 Et
1471 1373 1632 1405 similiter
1656 1373 1753 1406 dicta
1777 1374 1820 1406 de
1843 1384 1948 1407 causa
1971 1375 2112 1408 fuerunt

257 1435 419 1470 confinati
444 1431 603 1466 dominus
625 1428 823 1462 Ubaldinus
846 1426 945 1459 miles
969 1426 1013 1459 de
1035 1426 1236 1458 Malavoltis
1259 1431 1293 1458 et
1317 1426 1477 1458 dominus
1501 1426 1663 1459 Tadaeus
1687 1427 1788 1459 miles
1808 1428 1852 1460 de
1866 1427 2063 1473 Acoguidis
2077 1435 2113 1462 et

259 1489 358 1522 multi
380 1487 442 1520 alii
465 1486 560 1519 cives
582 1484 723 1516 fuerunt
747 1480 888 1514 detenti.

347 1542 479 1575 Eodem
501 1547 593 1571 anno
615 1533 924 1569 M.CCCLXXV1.
943 1551 985 1556 —
1000 1533 1171 1578 Buglante
1195 1533 1239 1565 de
1262 1533 1486 1566 Primadiciis
1509 1533 1577 1566 fuit
1602 1534 1830 1577 decapitatus,
1847 1545 1888 1568 eo
1913 1536 1996 1580 quia
2013 1537 2111 1570 dedit

257 1603 405 1630 castrum
431 1589 661 1626 Montisbellii
692 1594 727 1621 et
757 1587 985 1626 Chucherlae,
1016 1587 1113 1630 cujus
1142 1592 1217 1618 erat
1248 1587 1460 1629 capitaneus,
1491 1587 1704 1628 Britonibus,
1735 1598 1805 1620 una
1835 1599 1913 1621 cum
1939 1589 2044 1622 Berto
2068 1591 2111 1623 de

256 1648 446 1686 Baldoinis,
469 1647 578 1678 fratre
593 1641 738 1687 Ugolini
755 1641 799 1674 de
813 1640 1016 1683 Balduynis.
1043 1639 1115 1679 Qui
1130 1640 1255 1671 Bertus
1270 1646 1344 1672 erat
1359 1639 1512 1672 vicarius
1527 1640 1769 1674 Montisbellii.
1794 1642 1840 1674 Et
1856 1643 1971 1675 dictus
1986 1643 2110 1677 Bertus

257 1702 392 1747 aufugit
414 1699 587 1733 Mutinam
610 1702 644 1729 et
667 1694 736 1728 fuit
758 1693 921 1727 bannitus
943 1693 981 1725 in
1004 1703 1107 1726 avere
1129 1699 1164 1726 et
1187 1693 1224 1724 in
1246 1702 1394 1735 persona
1401 1705 1410 1731 ;
1435 1699 1470 1726 et
1494 1694 1560 1726 hoc
1584 1694 1653 1726 fuit
1678 1695 1721 1727 de
1743 1705 1860 1728 mense
1881 1696 1970 1740 julii.

344 1755 475 1788 Eodem
497 1761 600 1785 anno.
625 1768 667 1772 —
691 1749 854 1782 stefanus
878 1747 921 1779 de
945 1745 1178 1790 Formaglinis
1200 1752 1235 1778 et
1257 1746 1385 1779 Paulus
1406 1746 1571 1779 Albertus
1594 1748 1638 1780 de
1665 1747 1832 1781 Belvixiis
1847 1756 2057 1792 acceperunt
2072 1750 2109 1783 in

255 1821 377 1843 uxores
400 1809 485 1841 duas
507 1805 596 1838 filias
617 1802 701 1836 olim
725 1800 886 1835 Guidutii
909 1800 953 1832 de
977 1799 1203 1839 Griffonibus,
1228 1800 1394 1832 videlicet
1419 1800 1534 1833 dictus
1565 1800 1729 1833 stefanus
1752 1802 1928 1834 dominam
1950 1803 2109 1836 Bartolo-

255 1873 386 1896 maeam
408 1867 444 1894 et
466 1860 580 1893 dictus
602 1856 730 1889 Paulus
751 1853 917 1887 Albertus
941 1853 1116 1885 dominam
1139 1852 1338 1892 Antoniam,
1362 1863 1497 1886 sorores
1519 1854 1728 1896 praedictas,

345 1910 667 1948 M.CCCLXXV11.
699 1927 741 1932 —
771 1907 940 1940 Dominus
976 1906 1131 1939 Michael
1160 1906 1203 1938 de
1238 1906 1394 1939 Vulteris
1424 1907 1494 1939 fuit
1523 1913 1675 1950 potestas
1704 1908 1894 1942 Bononiae.
1938 1910 2108 1943 Dominus

255 1970 510 2003 Bai-tolomaeus
533 1965 577 1998 de
598 1961 788 1996 Armannis
811 1961 855 1993 de
877 1960 1022 1993 Perusio
1045 1959 1115 1992 fuit
1137 1960 1340 2002 capitaneus
1362 1960 1494 2003 populi.
1539 1961 1709 1994 Dominus
1732 1962 1843 1995 Cante
1859 1963 1903 1995 de
1920 1963 2108 2007 Grapaldis

256 2025 299 2057 de
320 2023 456 2061 Parma,
480 2021 613 2058 doctor,
636 2017 705 2050 suit
726 2015 964 2058 vicepotestas.
1012 2013 1181 2046 Dominus
1205 2013 1352 2046 Guelfus
1375 2015 1419 2046 de
1442 2014 1608 2058 Puglisiis
1624 2015 1667 2047 de
1691 2015 1797 2048 Prato
1813 2017 1883 2049 suit
1906 2017 2108 2059 capitaneus

254 2076 374 2120 populi
396 2080 431 2107 et
452 2083 516 2117 pro
539 2077 637 2115 parte
667 2069 908 2111 vicepotestas.

341 2129 471 2161 Eodem
493 2135 595 2164 anno,
621 2123 677 2156 die
699 2131 778 2163 xer
800 2120 960 2167 januarii·
974 2138 1016 2143 ·-
1032 2120 1188 2154 Comune
1209 2120 1390 2154 Bononiae
1413 2120 1508 2154 misit
1530 2121 1782 2155 ambaxiatores
1804 2123 1952 2156 Romam
1975 2124 2022 2157 ad
2044 2125 2107 2157 do.

255 2183 384 2217 minum
405 2191 542 2224 papam,
565 2176 746 2211 videlicet:
764 2175 941 2208 dominum
957 2173 1125 2217 Jacobum
1149 2174 1193 2206 de
1215 2174 1431 2214 Presbiteris,
1447 2175 1591 2208 militem
1607 2181 1642 2208 et
1658 2176 1845 2216 doctorem,
1870 2187 1925 2210 ser
1945 2177 2106 2210 Landum

253 2236 380 2269 Baroni
405 2236 448 2268 de
469 2230 676 2276 Butrigariis
698 2228 882 2267 notarium,
898 2233 933 2259 et
948 2227 1150 2271 magistrum
1166 2226 1355 2267 Andream,
1372 2228 1570 2261 barberium
1587 2230 1630 2262 de
1646 2235 1753 2262 strata
1777 2230 1889 2263 sancti
1903 2231 2044 2271 Donati,
2062 2232 2106 2264 de

255 2300 322 2334 quo
345 2298 461 2322 omnes
483 2285 619 2319 truffati
642 2284 793 2322 fuerunt,
817 2286 1015 2320 asserentes,
1040 2281 1134 2324 quod
1156 2281 1231 2314 ibat
1254 2282 1301 2314 ad
1325 2282 1518 2315 radendum
1542 2293 1678 2325 papam,

340 2343 471 2375 Eodem
494 2348 596 2377 anno,
620 2337 678 2370 die
692 2336 805 2379 primo
821 2333 1001 2367 februarii.
1026 2352 1067 2357 —
1092 2334 1227 2367 Civitas
1250 2335 1424 2367 Caesenae
1448 2336 1515 2368 fuit
1538 2336 1660 2369 robata
1676 2342 1711 2369 et
1726 2336 1829 2370 missa
1845 2338 1892 2370 ad
1908 2348 2105 2370 saccoman-

255 2406 335 2429 num
346 2406 407 2439 per
423 2393 597 2427 dominum
612 2389 805 2427 Robertum
828 2387 1042 2420 cardinalem
1059 2387 1295 2420 Gebenensem
1318 2394 1353 2421 et
1375 2389 1545 2428 Britones,
1570 2390 1630 2433 qui
1653 2396 1752 2423 erant
1768 2401 1846 2423 cum
1862 2401 1920 2430 eo;
1937 2397 1972 2424 et
1987 2401 2105 2424 omnes

253 2450 347 2482 cives
368 2449 540 2482 Caesenae
562 2443 689 2477 mortui
712 2448 747 2475 et
770 2441 928 2474 derobati
951 2442 1103 2481 fuerunt,
1127 2441 1232 2474 salvis
1254 2442 1335 2481 illis,
1360 2443 1421 2486 qui
1443 2448 1630 2485 potuerunt
1653 2444 1807 2487 arripere
1823 2445 1959 2488 fugam;
1983 2451 2019 2478 et
2040 2446 2103 2478 ali-

254 2503 313 2546 qui
334 2499 553 2534 Maltraversi
575 2496 804 2531 bononienses
826 2500 925 2527 erant
947 2493 1007 2534 ibi,
1031 2494 1092 2538 qui
1114 2500 1214 2527 erant
1237 2494 1374 2528 banniti
1398 2497 1442 2528 de
1464 2496 1624 2530 Bononia
1646 2503 1681 2529 et
1703 2498 1843 2530 fuerunt
1866 2498 2027 2531 similiter
2042 2499 2103 2531 de·-

254 2555 366 2588 robati
388 2560 423 2587 et
445 2553 538 2596 capti
560 2563 582 2584 a
603 2549 811 2584 Britonibus.
857 2548 929 2581 Sed
952 2548 1040 2581 bene
1063 2548 1160 2582 stetit
1182 2549 1244 2589 eis,
1268 2549 1351 2593 quia
1375 2549 1443 2592 ipsi
1458 2551 1618 2583 fecerunt
1633 2551 1752 2583 venire
1774 2551 1936 2584 Britones
1957 2552 2004 2585 ad
2019 2552 2103 2585 istas

253 2614 367 2651 partes
389 2617 492 2640 causa
515 2605 623 2639 dandi
646 2603 713 2637 sibi
735 2602 940 2642 Bononiam,
963 2607 1002 2635 ut
1025 2602 1182 2646 superius
1205 2603 1347 2646 scripsi5
1364 2609 1399 2636 et
1416 2604 1602 2644 dedissent,
1626 2604 1694 2638 nisi
1724 2606 1819 2649 quod
1848 2615 1912 2648 per
1933 2605 2000 2637 Dei
2022 2615 2103 2649 gra..

255 2661 339 2695 tiam
362 2665 527 2694 tractatus
549 2658 616 2691 fuit
639 2657 831 2690 revellatus.

342 2713 473 2747 Eodem
495 2722 597 2746 anno.
621 2729 663 2735 —
685 2710 838 2753 Populus
860 2709 1093 2749 bononiensis,
1117 2711 1161 2743 de
1176 2720 1291 2744 mense
1307 2711 1433 2751 martii,
1450 2712 1556 2744 traxit
1578 2713 1626 2744 ad
1647 2723 1743 2745 arma
1766 2713 1852 2745 hora
1867 2712 2052 2745 terciarum
2067 2718 2102 2746 et

254 2767 456 2800 clamabant:
474 2784 515 2790 —
531 2765 636 2799 Vivat
650 2764 799 2808 populus
815 2769 851 2796 et
866 2769 958 2796 artes
974 2769 1009 2797 et
1024 2764 1216 2798 moriantur
1230 2765 1444 2810 Rasp'antesj
1464 2785 1501 2790 --
1517 2766 1563 2799 Et
1578 2767 1726 2810 populus
1741 2766 1807 2799 ivit
1821 2766 1868 2799 ad
1885 2766 2023 2799 domum
2039 2766 2102 2800 do-

254 2820 341 2853 mini
362 2819 535 2854 Richardi
558 2820 602 2852 de
625 2818 776 2852 Saliceto
800 2824 835 2851 et
859 2818 991 2852 domini
1015 2819 1173 2861 Roberti,
1197 2820 1250 2854 sui
1273 2819 1349 2861 filii,
1373 2830 1477 2854 causa
1500 2820 1648 2855 robaudi
1670 2832 1730 2854 eos
1752 2826 1787 2854 et
1809 2820 1957 2854 ardendi
1982 2822 2102 2856 domos

346 2945 362 2972 8
381 2946 485 2980 mense]
503 2955 582 2980 segue
600 2949 724 2974 octobrIs
743 2951 889 2976 cancellato

2140 1057 2177 1090 15

2135 1324 2178 1355 20

2134 1590 2175 1623 25

2131 1859 2175 1890 30

2129 2122 2170 2156 35

2127 2394 2170 2424 40

2125 2658 2166 2692 45
