2196 3424
0 1923 7 2024 Ξ

0 2071 6 2093 ,,

120 207 202 242 [ΑΛ.
222 209 402 245 1354-13551
707 202 1030 240 MEMORIALE
1058 202 1384 240 HISTORICUM
1915 203 1962 239 59

207 338 272 370 Die
288 347 369 369 vero
386 346 479 377 xqu
492 337 576 369 dicti
595 337 731 369 mensis.
744 355 785 359 —
801 337 969 368 Dominus
984 336 1134 379 Jacobus
1150 337 1193 368 de
1204 335 1368 368 Blanchis
1383 335 1489 374 miles,
1502 336 1621 368 Tanus
1636 336 1709 380 ejus
1724 335 1822 374 filius,
1834 335 1964 379 Johan-

120 399 181 422 nes
204 390 381 422 Francisci
406 390 449 421 de
471 389 712 433 Mecovillanis
734 390 875 421 fuerunt
899 389 1085 431 decapitati
1108 389 1207 420 simul
1230 389 1267 420 in
1290 388 1414 430 platea.

208 442 340 475 Eodem
363 452 466 482 anno,
491 443 534 475 de
557 453 672 475 mense
695 442 780 486 julii.
806 461 847 465 -—
872 442 1077 485 Garcolinus
1099 440 1280 484 Aspectati
1311 446 1345 473 et
1376 440 1526 484 Jacobus
1555 442 1792 474 Cavestrarius
1815 441 1968 483 capellae

119 496 230 528 sancti
253 495 336 528 Gilii
359 496 499 528 fuerunt
524 495 712 538 decapitati
734 501 769 528 et
793 495 892 527 multi
915 495 975 527 alii
999 495 1043 527 de
1074 494 1218 527 diversis
1254 493 1411 526 domibus
1441 499 1476 527 et
1507 495 1633 527 diversi
1663 495 1798 538 generis
1828 495 1968 526 fuerunt

77 547 95 581 5
120 548 253 581 banniti
275 554 310 581 et
333 549 465 591 expulsi
490 549 532 581 de
556 549 713 581 Bononia
737 553 771 581 et
795 548 887 581 bona
911 559 971 580 sua
995 548 1182 580 confiscata
1206 548 1356 579 fuerunt.

207 602 339 634 Eodem
362 611 465 641 anno,
490 602 547 635 die
571 611 634 643 xxj
658 601 803 646 aug-usti.
830 619 872 624 —
898 599 1079 638 Quaedam
1102 600 1287 632 multitudo
1310 600 1474 644 gentium,
1491 611 1579 643 quae
1595 606 1718 633 vocata
1742 601 1808 633 fuit
1824 600 1858 633 la
1872 612 1970 644 gran

121 654 327 698 Compagna
349 660 383 687 et
408 654 587 687 dicebatur
618 655 711 698 quod
734 660 834 686 erant
857 656 916 686 V1¹¹'
947 654 1079 697 equites
1102 659 1137 685 et
1164 655 1236 685 xxm
1262 653 1407 695 pedites,
1439 653 1533 685 venit
1564 654 1607 686 de
1629 653 1783 696 partibus
1814 654 1968 687 Roman-

119 708 232 740 diolae
261 713 296 740 et
330 708 471 740 intravit
507 708 707 740 comitatum
741 707 929 745 Bononiae,
954 707 1086 739 scilicet
1117 707 1153 738 in
1185 711 1277 738 terra
1307 706 1429 745 Butrii‚
1454 712 1489 738 et
1519 706 1567 738 ibi
1597 706 1691 739 stetit
1721 712 1867 749 quatuor
1898 707 1970 739 die-

118 760 192 794 bus.
238 761 362 793 Postea
396 761 555 794 transivit
589 771 610 793 a
643 770 719 793 sero
755 760 905 792 civitatis
938 758 1115 792 Bononiae
1150 764 1184 791 et
1216 768 1241 790 x
1272 758 1393 791 diebus
1423 759 1673 791 combuxerunt
1708 769 1825 792 omnes
1861 760 1970 798 villas,

63 814 103 846 10
119 813 354 847 comburendo
378 815 498 847 domos
520 824 628 857 usque
651 814 697 846 ad
720 818 839 856 portas
862 812 1021 845 civitatis.
1070 813 1116 845 Et
1140 813 1175 844 in
1199 813 1275 855 ipsa
1298 812 1505 855 compagnia
1536 817 1610 844 erat
1641 822 1755 844 comes
1780 814 1823 845 de
1846 813 1970 846 Lando

119 872 154 899 et
177 867 335 899 dominus
357 868 564 899 Franciscus
587 867 630 899 de
654 866 822 899 Chai-aria
854 866 898 898 de
927 865 1057 903 Padua,
1083 865 1140 908 qui
1172 865 1283 909 segari
1314 865 1473 897 fecerunt
1503 865 1678 897 rastellum
1710 866 1753 898 de
1782 866 1875 909 ligno
1898 867 1969 899 exi-

94 924 97 932 ‘
119 925 212 952 stens
235 920 270 952 in
294 921 407 953 canali
423 921 516 953 Reni
532 919 650 953 subtus
666 920 810 956 Forum;
835 924 870 950 et
894 919 1024 951 dictum
1048 918 1116 950 fuit
1139 919 1234 961 quod
1248 918 1384 950 Bitinus
1399 917 1569 956 Taronus,
1586 918 1748 961 magister
1763 919 1969 962 lignaminis,

118 972 185 1005 fuit
207 972 336 1006 incisor
359 974 443 1005 dicti
467 973 605 1005 rastelli.
650 972 775 1005 Postea
798 977 1012 1004 recesserunt
1034 976 1069 1003 et
1093 970 1227 1003 iverunt
1250 971 1286 1002 in
1309 970 1717 1013 Lombardiameostea
1747 971 1862 1014 aliqua
1892 983 1973 1014 pars

117 1025 268 1068 ipsorum
291 1027 394 1058 rediit
416 1027 452 1058 in
476 1025 675 1058 comitatum
698 1025 875 1057 Bononiae
898 1030 932 1056 et
954 1024 1003 1057 ibi
1026 1024 1120 1056 stetit
1143 1034 1202 1056 sex
1226 1023 1356 1062 diebus,
1379 1028 1499 1065 postea
1522 1023 1586 1056 ivit
1608 1034 1724 1056 versus
1747 1023 1920 1066 Apuliam,

56 1076 94 1110 15
208 1079 342 1111 Eodem
366 1089 468 1118 anno,
493 1079 550 1112 die
573 1089 598 1111 v
621 1077 782 1110 octobris.
808 1096 849 1100 —
872 1077 1040 1109 Dominus
1063 1076 1343 1118 archiepiscopus
1373 1073 1575 1114 Mediolani,
1608 1077 1766 1109 dominus
1782 1078 1969 1118 Bononiae,

120 1131 267 1164 decessit
289 1137 324 1164 et
346 1132 494 1175 populus
517 1131 695 1164 Bononiae
719 1130 1003 1173 fecit1syndicos‚
1020 1129 1080 1172 qui
1096 1129 1267 1161 dederunt
1284 1128 1472 1160 dominium
1489 1128 1673 1171 nepotibus
1692 1130 1770 1162 suis.
1816 1130 1862 1162 Et
1886 1131 1971 1164 dicti

119 1183 276 1226 nepotes'
293 1184 346 1217 sui
370 1185 528 1217 fecerunt
551 1184 642 1216 inter
657 1193 694 1216 se
710 1183 912 1215 divisionem
935 1189 970 1214 et
992 1182 1149 1214 Bononia
1172 1180 1313 1213 obvenit
1335 1181 1372 1213 in
1395 1186 1529 1223 partem
1553 1182 1692 1214 domino
1715 1182 1888 1225 Maphaeo
1905 1185 1968 1217 Vi-

119 1238 290 1276 cecomiti,
314 1237 373 1281 qui
398 1238 556 1270 dominus
579 1237 771 1279 Maphaeus
793 1235 884 1268 misit
907 1235 1084 1268 Bononiae
1101 1244 1207 1267 unum
1230 1235 1354 1266 sotium
1378 1245 1485 1273 suum,
1503 1234 1561 1277 qui
1576 1244 1640 1276 pro
1657 1245 1697 1267 eo
1721 1237 1858 1278 accepit
1880 1237 1972 1280 jura-

119 1295 272 1322 mentum
295 1301 316 1322 a
339 1290 474 1323 civibus
495 1289 774 1323 bononiensibus.

53 1343 96 1375 20
208 1343 340 1375 Eodem
363 1352 465 1382 anno,
490 1342 534 1375 de
557 1352 674 1374 mense
697 1341 901 1374 novembris.
926 1360 968 1364 -—
991 1340 1159 1373 Dominus
1182 1341 1334 1373 Karolus
1357 1351 1417 1372 rex
1432 1341 1679 1379 Romanorum,
1696 1347 1796 1374 natus
1811 1343 1892 1375 olim
1910 1344 1972 1376 do-

119 1396 202 1428 mini
227 1394 319 1439 regis
342 1395 510 1439 Johannis
534 1396 578 1428 de
606 1395 758 1433 Boemia‚
791 1394 885 1427 venit
915 1395 952 1426 in
982 1394 1228 1426 Lombardiam
1251 1398 1285 1425 et
1308 1393 1476 1435 applicuit
1501 1393 1674 1425 civitatem
1705 1394 1870 1428 Mantuae
1895 1407 1972 1428 cum

118 1458 226 1487 ¹uxore
248 1459 320 1488 sua,
343 1449 437 1492 figlia
460 1449 551 1492 regis
573 1448 751 1486 Poloniae;
768 1453 803 1480 et
819 1458 897 1480 cum
919 1448 995 1489 ipsa
1018 1446 1091 1490 ejus
1113 1456 1219 1479 uxore
1242 1452 1316 1478 erat
1340 1446 1508 1489 quaedam
1525 1446 1731 1479 venerabilis
1759 1448 1896 1481 domina
1913 1449 1973 1481 bo-

120 1501 292 1534 noniensis
315 1511 379 1544 pro
402 1501 476 1545 ejus
498 1501 595 1540 sotia‚
619 1511 708 1544 quae
731 1500 861 1533 sciebat
884 1500 972 1533 bene
995 1500 1113 1532 literas
1143 1505 1178 1531 et
1210 1498 1340 1531 sciebat
1362 1498 1450 1531 bene
1481 1499 1576 1541 loqui
1606 1499 1813 1540 theotonice,
1837 1501 1973 1534 boemio

120 1560 156 1586 et
177 1554 308 1598 ytalico
331 1560 366 1587 et
389 1554 580 1587 vocabatur
603 1554 743 1586 domina
766 1554 897 1592 Zanna,
921 1553 991 1584 filia
1013 1553 1095 1585 olim
1117 1552 1273 1584 Mathaei
1297 1552 1340 1584 de
1363 1551 1555 1584 Blanchitis
1580 1553 1623 1584 de
1645 1558 1752 1585 strata
1776 1555 1886 1586 sancti
1901 1555 1972 1588 Do-

54 1605 96 1639 25
121 1608 204 1647 nati,
220 1612 255 1640 et
277 1613 352 1640 erat
367 1608 473 1640 vidua
495 1613 530 1640 et
553 1608 667 1640 fuerat
690 1617 776 1639 uxor
798 1607 880 1639 olim
905 1606 1035 1639 domini
1059 1604 1284 1649 Bonsignoris
1308 1605 1351 1637 de
1366 1605 1644 1649 *Bonsignoribus
1668 1606 1711 1638 de
1733 1606 1900 1647 Bononia,
1924 1609 1974 1640 le-

120 1671 202 1704 gum
227 1661 388 1694 doctoris.

210 1714 342 1747 Eodem
365 1724 468 1753 anno,
493 1715 536 1747 de
559 1725 675 1747 mense
700 1713 901 1746 decembris.
920 1732 961 1736 —
978 1712 1154 1751 Marchus,
1170 1713 1260 1744 filius
1284 1712 1465 1745 bastardus
1482 1712 1615 1744 Nannis
1639 1713 1750 1745 Guelfi
1775 1714 1818 1746 de
1843 1714 1974 1746 Griffo-

121 1767 232 1806 nibus,
255 1767 432 1800 interfecit
455 1767 651 1801 barberium
676 1767 806 1800 domini
828 1767 998 1810 Johannis
1023 1766 1066 1798 de
1090 1766 1224 1809 Olegio,
1249 1765 1378 1797 domini
1402 1765 1552 1797 civitatis
1574 1765 1761 1804 Bononiae,
1793 1767 1829 1798 in
1859 1768 1974 1809 platea

120 1820 253 1864 maiori,
278 1831 347 1864 qua
370 1822 414 1854 de
437 1831 541 1853 causa
564 1821 709 1865 aufugit.
756 1820 802 1853 Et
825 1826 908 1852 tunc
934 1820 1055 1852 domus
1080 1819 1165 1851 dicti
1195 1818 1330 1851 Nannis
1361 1818 1474 1850 Guelfi
1504 1818 1555 1850 sui
1587 1819 1694 1861 patris
1724 1820 1791 1852 fuit
1821 1820 1974 1853 totaliter

55 1873 99 1905 30
123 1873 289 1907 derobata
311 1880 346 1907 et
370 1875 484 1907 dictus
505 1874 648 1907 Marcus
670 1874 738 1906 fuit
761 1874 934 1907 bannitus.

209 1927 341 1960 Eodem
364 1937 466 1960 anno.
491 1946 532 1951 ——
555 1928 725 1959 Dominus
740 1925 941 1970 Balduynus
965 1926 1009 1958 de
1031 1925 1222 1969 Balduynis
1238 1925 1304 1957 fuit
1320 1925 1449 1957 electus
1464 1930 1616 1967 potestas
1631 1926 1779 1962 civitatis
1796 1926 1973 1960 Senarum.

209 1981 430 2015 M.CCCLV.
447 1981 581 2013 Eodem
597 1990 700 2019 anno,
714 1980 770 2012 die
783 1989 876 2020 xan
889 1980 1017 2022 aprilis.
1032 1998 1074 2001 —
1086 1979 1254 2010 Dominus
1265 1978 1440 2021 Johannes
1453 1979 1496 2010 de
1510 1978 1632 2021 Olegio
1647 1979 1690 2010 de
1702 1979 1973 2012 Vicecomitibus

123 2034 167 2066 de
188 2032 400 2073 Mediolano,
425 2034 625 2076 capitaneus
647 2039 681 2066 et
705 2033 940 2065 locumtenens
963 2032 1113 2064 civitatis
1128 2032 1304 2064 Bononiae
1327 2041 1391 2073 pro
1416 2031 1554 2063 domino
1570 2031 1734 2063 Mathaeo
1749 2032 1972 2072 Vicecomite‚

122 2098 200 2119 cum
216 2087 370 2126 consilio,
387 2087 513 2119 auxilio
529 2093 564 2119 et
579 2087 699 2119 favore
714 2086 822 2129 partis
838 2086 1080 2117 maltraversae
1097 2085 1245 2117 civitatis
1261 2084 1437 2116 Bononiae
1453 2094 1495 2116 ac
1511 2084 1614 2116 etiam
1630 2085 1738 2126 partis
1753 2085 1972 2128 ghibellinae,

57 2137 98 2172 35
122 2150 201 2174 cum
225 2141 349 2184 quibus
371 2138 444 2183 ipse
466 2150 503 2172 se
525 2139 752 2184 gubernabat,
776 2139 834 2182 qui
858 2139 961 2171 etiam
986 2138 1143 2171 dominus
1173 2137 1349 2180 Johannes
1379 2143 1453 2169 erat
1483 2138 1683 2179 capitaneus
1706 2138 1882 2171 Bononiae
1910 2151 1973 2182 pro

123 2194 263 2226 domino
279 2194 541 2236 archiepiscopo
557 2199 591 2225 et
607 2198 747 2225 steterat
770 2193 865 2224 circa
888 2197 1036 2235 quatuor
1058 2191 1167 2229 annis,
1191 2190 1377 2232 inspiratus
1400 2190 1522 2232 spiritu
1546 2190 1719 2223 diabolico
1742 2197 1777 2223 et
1800 2192 1975 2234 spiritibus

117 2246 309 2279 'dictorum'
325 2247 631 2279 Maltraversorum
654 2251 689 2278 et
713 2245 999 2283 Ghibellfflorum,
1016 2244 1170 2286 prodidit
1195 2243 1325 2275 dictum
1349 2243 1524 2275 dominum
1547 2243 1702 2275 Mafeum
1724 2245 1972 2278 Vicecomitem

123 2305 158 2332 et
180 2300 365 2342 occupavit
388 2310 452 2342 pro
476 2310 512 2332 se
535 2299 723 2332 dominium
747 2298 897 2331 civitatis
918 2298 1096 2330 Bononiae
1120 2302 1154 2329 et
1177 2297 1286 2339 ipsam
1309 2296 1457 2328 extraxit
1489 2296 1531 2328 de
1555 2297 1712 2329 manibus
1736 2298 1821 2329 dicti
1845 2298 1975 2330 domini

124 2353 234 2385 Masei
265 2354 338 2385 sine
369 2354 485 2396 aliquo
515 2354 650 2390 furore3
682 2358 717 2385 et
748 2353 840 2394 cepit
871 2356 1076 2394 potestatem
1106 2350 1293 2388 Bononiae,
1318 2350 1376 2392 qui
1400 2355 1482 2381 tunc
1513 2355 1587 2385 erat
1616 2350 1772 2382 dominus
1802 2351 1975 2393 Johannes

58 2407 101 2438 40
125 2416 240 2438 comes
263 2407 307 2439 de
329 2407 565 2445 Chochonate‚
589 2412 623 2439 et
647 2411 779 2438 ceteros
802 2405 888 2437 alios
911 2404 1072 2437 officiales
1079 2415 1088 2441 ;
1112 2409 1147 2435 et
1170 2403 1254 2435 fecit
1277 2413 1395 2435 omnes
1418 2408 1613 2435 carceratos
1636 2403 1808 2448 relassari3
1832 2410 1867 2436 et
1890 2406 1976 2438 tecit

124 2469 250 2492 novum
281 2465 496 2502 potestatem,
519 2459 681 2492 videlicet
705 2458 880 2491 dominum
903 2457 1142 2489 Anthoninum
1166 2457 1210 2488 de
1242 2456 1371 2498 Speten
1395 2456 1438 2487 de
1469 2455 1664 2494 Placentia;
1689 2462 1724 2488 et
1746 2457 1832 2489 fecit
1855 2468 1890 2490 se
1913 2469 1975 2501 per

124 2513 290 2555 populum
313 2513 490 2545 Bononiae
513 2512 710 2545 confirmari
733 2512 769 2543 in
794 2511 968 2544 dominum
992 2511 1140 2542 civitatis
1147 2522 1156 2548 3
1182 2515 1217 2542 et
1240 2509 1376 2541 reduxit
1399 2509 1528 2540 datium
1552 2509 1708 2540 macinae
1731 2510 1776 2541 ad
1800 2510 1886 2542 duos
1908 2511 1976 2542 sol-

126 2566 189 2598 dos
211 2575 275 2608 pro
299 2565 414 2605 corbe,
437 2565 497 2598 ubi
519 2565 630 2607 primo
653 2564 875 2598 solvebantur
897 2569 1045 2607 quatuor
1066 2563 1172 2600 soldi;
1196 2567 1231 2594 et
1254 2562 1346 2594 illico
1378 2561 1462 2593 fecit
1493 2565 1564 2593 ΠΗ·δ
1595 2562 1784 2594 confinatos
1808 2563 1851 2595 de
1877 2569 1976 2606 parte

125 2619 242 2662 guelfa
265 2625 299 2651 et
322 2619 412 2651 misit
434 2619 526 2661 ipsos
550 2624 647 2651 extra
670 2618 716 2650 ad
740 2617 893 2650 confines
915 2622 949 2649 et
973 2617 1054 2660 quia
1076 2616 1243 2648 maximae
1267 2614 1550 2647 murmurationes
1576 2620 1684 2653 erant,
1708 2625 1750 2646 ex
1773 2615 1839 2647 hoc
1863 2617 1976 2649 timuit

61 2669 102 2703 45
126 2678 161 2704 et
184 2673 360 2705 revocavit
383 2671 496 2705 subito
521 2672 635 2704 dictos
658 2671 859 2704 confinatos.

215 2726 347 2758 Eodem
371 2736 472 2764 anno,
498 2726 541 2758 de
564 2735 680 2756 mense
703 2724 798 2768 junii.
825 2742 866 2747 —
888 2724 1010 2756 Dictus
1034 2723 1192 2755 dominus
1215 2722 1390 2765 Johannes
1422 2721 1465 2753 de
1498 2720 1622 2765 Olegio
1652 2721 1813 2764 imposuit
1844 2722 1978 2755 civibus

126 2789 230 2812 unam
253 2780 435 2812 collectam
459 2781 533 2811 xxm
552 2779 770 2817 florenorum,
795 2778 839 2810 de
862 2788 930 2820 qua
954 2777 1046 2809 cives
1069 2776 1170 2808 valde
1194 2775 1455 2807 condoluerunt.

216 2833 349 2866 Eodem
371 2843 474 2872 anno,
499 2833 542 2865 de
564 2842 680 2864 mense
703 2831 787 2875 julii.
813 2849 855 2854 -——
876 2831 998 2863 Dictus
1022 2830 1178 2862 dominus
1200 2828 1386 2871 Johannes,
1409 2827 1561 2870 perfidus
1576 2827 1740 2867 tirannus,
1766 2829 1809 2860 de
1832 2828 1974 2861 consilio

128 2885 432 2919 Maltraversorum
464 2891 499 2918 et
530 2885 804 2919 Ghibellinorum
835 2884 1023 2922 Bononiae,
1055 2882 1150 2924 cepit
1181 2881 1274 2913 circa
1306 2884 1378 2912 1111*
1402 2881 1494 2913 cives
1525 2890 1588 2923 pro
1619 2881 1840 2923 suspictione,
1871 2881 1977 2913 ascri-

64 2937 106 2971 50
129 2939 243 2972 bendo
266 2940 315 2972 eis
337 2941 430 2983 quod
461 2945 559 2972 erant
589 2939 692 2971 amici
723 2938 932 2981 Pepulorum
962 2943 998 2969 et
1028 2945 1171 2980 mag-nas
1200 2934 1434 2977 impositiones
1465 2939 1499 2966 et
1530 2934 1721 2967 ablationes
1752 2934 1977 2977 pecuniarum

2037 351 2056 368 c.
2072 349 2112 365 102
2129 345 2141 365 b

2045 1201 2065 1216 c.
2080 1198 2122 1217 1⁰3
2137 1201 2151 1214 a

2050 2257 2127 2280 Mun..
2143 2256 2179 2277 171

2051 2844 2071 2860 c.
2087 2842 2129 2862 ¹⁰}
2144 2845 2157 2857 ιι
