2196 3424
127 1636 147 1652 c.
160 1635 188 1651 20
203 1637 217 1650 l

88 1737 163 1762 Mum,
176 1736 214 1757 114

127 2379 146 2395 c.
161 2374 214 2395 δοῦ

303 163 345 198 12
839 155 1121 195 MATTHAEI
1147 158 1217 192 DE
1247 153 1593 192 GRIFFONIBUS
1843 159 1928 194 [AA.
1947 158 2028 189 1247
2034 157 2138 195 -12531

372 291 637 326 >M.CCXLVII.
663 309 704 313 —
726 290 893 322 Dominus
918 289 1032 322 Guido
1056 287 1265 320 Vicecomes
1289 287 1333 319 de
1357 285 1558 318 Mediolano
1583 284 1650 317 fuit
1672 290 1823 326 potestas
1846 284 2034 318 Bononiae.

381 346 512 378 Eodem
536 353 635 376 anno.
661 361 702 366 —-
724 343 960 375 Bononienses
994 341 1204 374 obsederunt
1238 345 1386 372 castrum
1423 337 1563 381 Baeani,
1588 337 1683 380 quod
1717 343 1790 370 erat
1819 337 2079 377 Mudnensium,
2104 344 2138 371 et

292 401 401 443 ipsum
429 403 574 430 castrum
598 396 748 428 totaliter
771 396 1026 432 destruxerunt;
1045 399 1079 426 et
1102 393 1168 425 hoc
1193 392 1259 424 fuit
1281 393 1317 423 in
1341 391 1397 423 die
1421 391 1502 423 festi
1525 390 1635 423 sancti
1658 389 1801 428 Ysaiae3
1827 396 1862 423 et
1885 401 1946 423 rex
1966 390 2139 424 Henricus

295 459 329 486 et
351 451 523 484 Ycillinus
547 450 591 482 de
614 449 773 481 Romano
797 454 895 480 erant
917 448 952 479 in
976 447 1139 480 auxilium
1163 445 1422 478 Mutinensium.

379 504 511 536 Eodem
535 512 635 534 anno.
660 519 702 524 —-
726 501 916 533 Federicus
938 500 1126 542 imperator
1149 498 1286 531 obsedit
1314 497 1489 529 civitatem
1513 495 1658 528 Parmae
1689 501 1724 529 et
1754 496 1842 529 fecit
1872 495 1921 529 ibi
1951 496 2138 537 civitatem,
2182 497 2196 530 Ξ

294 568 380 601 quae
404 561 527 588 vocata
550 555 616 586 fuit
639 554 805 586 Victoria.

380 607 657 642 M.CCXLV111.
682 625 723 628 —
746 606 949 638 Parmenses
972 611 1186 648 acceperunt
1210 604 1339 637 dietam
1371 603 1557 641 civitatem,
1583 613 1671 645 quae
1699 602 1890 635 vocabatur
1911 602 2079 642 Victoria,
2104 609 2139 636 et

290 664 397 706 ipsam
422 667 526 694 totam
545 661 803 697 destruxerunt3
829 665 863 691 et
887 659 1000 691 dictus
1023 658 1214 690 Federicus
1237 657 1327 700 fugit
1350 657 1395 689 ad
1417 656 1570 699 Burgum
1594 656 1705 688 sancti
1728 655 1868 688 Donini.

380 714 512 747 Eodem
536 722 626 745 anno
650 711 914 744 MCCXLVIII.
939 728 984 734 ——-
1003 711 1239 743 Bononienses
1257 721 1335 742 cum
1352 719 1477 752 magno
1502 708 1656 741 exercitu
1681 709 1724 741 de
1748 719 1866 741 mense
1889 708 1969 752 maji
1999 709 2136 742 iverunt

293 770 327 801 in
352 766 617 801 Romandiolam
650 772 684 797 et
714 770 1006 807 recuperaverunt
1029 770 1135 796 totam
1159 762 1427 795 Romandiolam
1451 762 1497 794 ad
1519 767 1653 804 partem
1685 761 1877 795 Ecclesiae.
1924 762 2011 795 Item
2035 773 2140 806 cepe·
2165 761 2196 796 l<

292 827 371 854 runt
400 821 565 853 Sanctum
589 818 785 851 Caesarium
810 823 844 850 et
867 817 1068 860 Pancanum
1093 823 1127 849 et
1150 816 1395 854 Nonantulam,
1421 826 1509 858 quae
1534 820 1631 847 erant
1653 814 1914 848 Mutinensium.

376 874 509 906 Eodem
533 881 634 904 anno.
659 889 700 893 —
725 870 916 903 Ghibellini
941 870 984 902 de
1012 870 1189 902 Florentia
1221 869 1391 901 dederunt
1422 868 1593 900 Federico
1621 868 1822 910 imperatori
1853 868 2027 902 civitatem
2057 869 2139 902 Flo-

291 928 434 960 rentiae.
1565 936 1567 938 ·
1711 950 1718 958 ,

377 978 669 1012 M.CCXLV1111.
694 996 735 1000 —
758 977 926 1009 Dominus
949 977 1107 1019 Filippus
1131 976 1174 1008 de
1198 975 1381 1020 Ugonibus
1404 975 1471 1008 fuit
1493 980 1645 1017 potestas
1668 975 1818 1007 civitatis
1839 974 2028 1008 Bononiae.

375 1033 508 1065 Eodem
542 1041 643 1063 anno.
675 1048 717 1053 —-
747 1030 983 1062 Bononienses
1014 1035 1183 1072 ceperunt
1216 1039 1334 1072 regem
1369 1028 1547 1067 Hentium‚
1571 1028 1678 1061 filium
1713 1028 1876 1060 Federici
1909 1027 2138 1070 imperatoris,
2166 1028 2196 1061 15

266 1102 271 1107 -
290 1098 367 1120 cum
390 1096 514 1129 magna
537 1084 726 1127 quantitate
749 1083 895 1115 militum
922 1083 1197 1115 cremonensium
1225 1088 1260 1114 et
1283 1082 1561 1114 theutonicorum
1569 1093 1578 1119 3
1610 1087 1644 1114 et
1667 1081 1734 1113 hoc
1758 1081 1826 1113 fuit
1849 1081 1905 1114 die
1929 1091 1969 1123 vJ
1991 1087 2138 1115 exeunte

289 1149 404 1172 mense
442 1137 523 1180 maji
558 1137 654 1180 juxta
692 1136 857 1169 Sanctum
895 1135 1064 1180 Lacarum
1110 1135 1154 1167 de
1184 1134 1337 1173 Mutina;
1378 1140 1413 1167 et
1450 1144 1570 1167 omnes
1609 1134 1751 1167 fuerunt
1790 1134 1960 1167 carcerati
1997 1134 2034 1167 in
2072 1134 2140 1167 Bo-

290 1203 404 1225 noma.

376 1245 507 1278 Eodem
531 1254 633 1283 anno,
658 1244 701 1276 de
725 1254 843 1276 mense
875 1243 1088 1286 septembris.
1114 1261 1155 1265 —
1179 1242 1416 1275 Bononienses
1450 1242 1661 1275 obsederunt
1694 1241 1866 1274 Mutinam
1898 1247 1933 1274 et
1964 1252 2043 1275 cum
2069 1251 2139 1275 uuo

288 1309 458 1344 mangano
481 1297 702 1341 projecerunt
724 1303 831 1329 unum
863 1297 995 1338 asinum
1026 1297 1142 1328 vivum
1173 1297 1209 1328 in
1241 1296 1423 1329 Mutinam.
1469 1296 1515 1328 Et
1546 1296 1602 1327 die
1634 1295 1797 1328 mercurii
1827 1301 1975 1338 quatuor
2006 1301 2140 1338 tempo·
2160 1295 2196 1328 2(

288 1365 363 1386 rum
396 1362 504 1395 prope
538 1350 650 1383 Pasca
683 1350 881 1383 Nativitatis
916 1350 1091 1393 sequentis
1126 1349 1221 1382 facta
1255 1349 1322 1382 fuit
1351 1360 1419 1392 pax
1449 1349 1541 1381 inter
1571 1349 1685 1381 dictos
1714 1348 1932 1381 Mutinenses
1962 1353 1997 1381 et
2026 1348 2141 1381 Bono-

294 1407 440 1439 nienses.

377 1458 510 1491 Eodem
534 1467 636 1490 anno.
660 1475 701 1480 —
726 1456 906 1489 Manfredi
929 1456 973 1488 de
997 1455 1165 1488 Faventia
1188 1456 1406 1488 intraverunt
1429 1456 1605 1488 civitatem
1629 1455 1829 1494 Faventiae,
1846 1465 1935 1498 quae
1958 1460 2042 1499 tunc
2066 1459 2140 1487 erat

288 1513 351 1545 sub
377 1511 534 1545 custodia
555 1510 841 1548 Bononiensium3
866 1515 901 1542 et
924 1509 1019 1541 dicta
1041 1509 1085 1541 de
1110 1519 1214 1541 causa
1236 1509 1378 1541 fuerunt
1409 1509 1632 1541 condemnati
1655 1518 1719 1551 pro
1748 1509 1839 1540 mala
1863 1508 2020 1541 custodia
2042 1507 2140 1541 multi

288 1566 523 1599 Bononienses
546 1564 745 1597 exsistentes
768 1563 803 1595 in
828 1563 923 1595 dicta
946 1563 1086 1594 civitate
1110 1562 1154 1594 ad
1177 1568 1311 1604 portam
1336 1563 1379 1594 de
1403 1562 1526 1595 Ponte.
2161 1561 2196 1594 25

378 1618 532 1651 M.CCL.
557 1635 598 1640 -——
621 1617 789 1649 Dominus
811 1616 983 1660 Ricardus
1007 1615 1050 1647 de
1074 1615 1169 1648 Villa
1191 1615 1257 1647 fuit
1280 1622 1432 1657 potestas
1454 1616 1643 1649 Bononiae.

376 1671 510 1704 Eodem
534 1680 636 1703 anno.
660 1688 702 1692 ——
727 1670 916 1711 Imperator
938 1669 1130 1701 Federicus
1153 1668 1303 1701 decessit
1325 1669 1361 1700 in
1386 1669 1443 1701 die
1467 1675 1607 1701 sanctae
1638 1669 1781 1702 Luciae.
1827 1669 1874 1702 Et
1904 1675 1988 1702 tunc
2019 1678 2140 1701 omnes
2184 1658 2189 1660 ¹

291 1726 334 1759 de
358 1731 455 1768 parte
476 1724 597 1779 guelfa
620 1724 664 1756 de
687 1723 874 1761 Florentia,
899 1723 958 1765 qui
982 1721 1129 1763 expulsi'
1154 1728 1261 1761 erant,
1285 1722 1465 1755 redierunt
1487 1723 1694 1756 Florentiae.

375 1779 428 1811 Eo
450 1788 551 1810 anno.
576 1795 618 1800 -—-
641 1776 803 1809 Ecclesia
825 1775 936 1808 sancti
958 1773 1178 1817 Apolonaris,
1203 1786 1292 1818 quae
1316 1781 1390 1808 erat
1413 1776 1449 1807 in
1467 1776 1561 1808 curia
1577 1777 1733 1809 comunis
1748 1776 1938 1816 Bononiae,
1963 1776 2139 1809 destructa

288 1832 354 1865 fuit
377 1838 412 1865 et
435 1831 507 1874 ejus
530 1831 609 1863 loco
632 1830 699 1862 fuit
721 1834 915 1872 permutata
937 1828 1088 1861 ecclesia
1110 1828 1222 1861 sancti
1243 1827 1429 1861 Ambrosii.
2161 1828 2196 1860 SC

377 1885 511 1917 Eodem
534 1893 636 1916 anno.
661 1901 703 1905 -—
727 1882 923 1920 Christiani,
946 1882 1037 1914 inter
1060 1891 1146 1924 quos
1170 1887 1243 1914 erat
1272 1892 1335 1914 rex
1366 1882 1536 1915 Franciae
1569 1888 1604 1915 et
1634 1883 1744 1915 frater
1766 1894 1856 1922 suus,
1887 1883 2029 1915 fuerunt
2053 1892 2137 1915 con-

287 1939 372 1971 flicti
394 1950 415 1971 a
439 1937 620 1970 Saracenis
644 1942 679 1968 et
701 1935 827 1968 mortui
851 1935 946 1967 circa
968 1937 1082 1972 xxxm3
1107 1940 1142 1967 et
1165 1945 1227 1967 rex
1248 1935 1417 1967 Franciae
1443 1946 1522 1968 cum
1545 1936 1604 1967 alii
1619 1939 1691 1968 xx¹¹¹
1715 1936 1910 1969 christianis
1925 1946 1961 1968 se
1978 1935 2138 1968 redeme-

288 1998 367 2025 runt
391 1997 529 2024 centum
553 1989 661 2026 millia
683 1988 841 2021 marchas
863 1988 999 2031 argenti
1006 2000 1015 2026 3
1041 1994 1076 2020 et
1098 1987 1219 2020 habuit
1240 1988 1444 2021 Damiatam.

373 2043 545 2077 M.CCL1.
569 2061 611 2066 -—-
634 2042 802 2074 Dominus
824 2041 1020 2073 Bonifatius
1044 2041 1088 2073 de
1112 2040 1202 2073 Salis
1225 2041 1292 2073 fuit
1314 2047 1466 2083 potestas
1489 2042 1678 2077 Bononiae.

375 2098 509 2131 Eodem
533 2106 634 2129 anno.
659 2114 700 2119 ——-
724 2095 822 2137 Papa
844 2094 1078 2133 Innocentius,
1104 2094 1163 2137 qui
1186 2094 1376 2128 vocabatur
1410 2095 1609 2128 Sinibaldus
1633 2096 1676 2129 de
1700 2096 1828 2135 Flisco,
1853 2096 1935 2129 dum
1958 2095 2093 2129 veniret
2115 2106 2138 2128 a
2158 2093 2196 2127 35

288 2151 436 2184 concilio
467 2150 562 2183 facto
592 2149 629 2181 in
658 2149 777 2181 Leone
808 2158 912 2190 super
941 2147 1165 2186 Roddanum‚
1207 2147 1349 2180 intravit
1381 2149 1555 2181 civitatem
1579 2149 1756 2182 Bononiae
1764 2161 1773 2188 ;
1806 2155 1841 2182 et
1863 2155 1959 2188 tunc,
1987 2148 2044 2181 die
2067 2157 2137 2190 an

286 2205 447 2244 octobris,
472 2203 688 2236 consacravit
722 2202 908 2240 ecclesiam
942 2202 1053 2246 sancti
1087 2202 1263 2235 Dominici
1287 2202 1331 2235 de
1354 2202 1521 2235 Bononia.
1569 2203 1615 2235 Et
1646 2202 1719 2246 ejus
1747 2203 1909 2245 precibus
1938 2202 2060 2234 Bosius
2091 2201 2135 2234 de

286 2258 423 2297 Doaria,
447 2258 506 2301 qui
529 2262 602 2289 erat
626 2257 670 2289 de
694 2256 880 2288 carceratis
910 2266 989 2288 cum
1020 2266 1103 2300 rege
1134 2256 1275 2296 Hentio,
1307 2256 1374 2288 fuit
1405 2256 1449 2288 de
1481 2256 1680 2289 carceribus
1707 2257 1891 2289 relassatus
1922 2261 1957 2288 et
1982 2266 2047 2298 per
2077 2264 2136 2287 co-

286 2321 389 2343 mune
412 2310 588 2343 Bononiae
611 2309 787 2342 liberatus.

375 2363 564 2397 M.CCLII.
587 2381 630 2386 —
652 2362 820 2395 Dominus
841 2362 1124 2395 Branchaleonus
1155 2363 1199 2395 de
1234 2361 1385 2402 Andalo,
1419 2363 1504 2395 civis
1534 2363 1765 2402 bononiensis,
1796 2363 1859 2396 ivit
1889 2372 1952 2405 pro
1975 2366 2133 2394 senatore
2157 2361 2196 2393 40

286 2417 380 2451 urbis
402 2417 548 2450 Romae.

375 2470 509 2503 Eodem
532 2479 633 2502 anno.
659 2487 701 2492 —
723 2468 907 2502 Ycellinus
931 2469 974 2502 de
998 2469 1169 2509 Romano,
1195 2470 1353 2502 dominus
1376 2469 1528 2510 paduae,
1552 2470 1640 2503 fecit
1663 2470 1750 2502 mori
1773 2470 1899 2502 multos
1921 2468 2055 2502 nobiles
2082 2468 2133 2502 vi-

287 2534 352 2564 ros,
375 2524 467 2557 inter
489 2533 574 2567 quos
596 2523 737 2556 fuerunt
760 2523 821 2554 filii
844 2528 879 2555 et
902 2529 1046 2565 nepotes
1071 2523 1248 2556 Guilielmi
1272 2524 1315 2556 de
1339 2523 1509 2557 Carturio.
1562 2514 1567 2519 ”

373 2577 578 2611 M.CCL111.
603 2595 644 2600 —
667 2577 834 2610 Dominus
856 2577 980 2611 Petrus
1004 2578 1133 2611 Grillus
1156 2584 1191 2610 et
1214 2577 1373 2610 dominus
1395 2577 1608 2611 Alamannus
1625 2578 1720 2611 dela
1734 2578 1848 2610 Turre
1871 2577 2013 2610 fuerunt
2034 2581 2133 2619 pote-

287 2637 398 2664 states·
412 2631 600 2664 Bononiae.
1404 2636 1406 2638 '
2156 2626 2196 2660 45

374 2684 509 2717 Eodem
531 2694 634 2716 anno.
658 2702 699 2706 —
723 2683 919 2727 Raynerius
943 2684 1208 2717 Confalonerius
1231 2685 1298 2718 fuit
1323 2686 1549 2728 decapitatus.

374 2737 509 2770 Eodem
531 2747 633 2769 anno.
659 2755 701 2759 ——
722 2736 845 2769 Petrus
869 2737 912 2770 de
935 2736 1100 2770 Asinellis
1130 2738 1197 2771 fuit
1227 2738 1388 2771 bannitus
1413 2745 1448 2772 et
1479 2739 1571 2772 bona
1594 2738 1666 2782 ejus
1690 2738 1888 2776 confiscata,
1920 2737 2002 2781 quia
2024 2735 2133 2769 evasit

289 2791 333 2824 de
356 2790 554 2824 carceribus
575 2801 681 2822 unum
706 2796 921 2823 carceratum
945 2801 1024 2824 cum
1048 2801 1132 2835 rege
1155 2791 1303 2824 Hencio.

377 2930 407 2948 11
429 2921 597 2958 Pmcauum]
616 2931 684 2956 agg.
698 2922 750 2956 pii
768 2924 846 2949 tardi
