<?xml version="1.0" encoding="UTF-8"?>
<!DOCTYPE html PUBLIC "-//W3C//DTD XHTML 1.0 Transitional//EN"
    "http://www.w3.org/TR/xhtml1/DTD/xhtml1-transitional.dtd">
<html xmlns="http://www.w3.org/1999/xhtml" xml:lang="en" lang="en">
 <head>
  <title>
</title>
<meta http-equiv="Content-Type" content="text/html;charset=utf-8" />
  <meta name='ocr-system' content='tesseract 3.04.00' />
  <meta name='ocr-capabilities' content='ocr_page ocr_carea ocr_par ocr_line ocrx_word'/>
</head>
<body>
  <div class='ocr_page' id='page_1' title='image "./rerumitalicarums182murauoft_0087.png"; bbox 0 0 2196 3424; ppageno 0'>
   <div class='ocr_carea' id='block_1_1' title="bbox 83 201 1919 248">
    <p class='ocr_par' dir='ltr' id='par_1_1' title="bbox 83 201 1919 248">
     <span class='ocr_line' id='line_1_1' title="bbox 83 201 1919 248; baseline 0.002 -9"><span class='ocrx_word' id='word_1_1' title='bbox 83 209 164 248; x_wconf 77' lang='grc' dir='ltr'>[ΛΑ.</span> <span class='ocrx_word' id='word_1_2' title='bbox 183 209 371 246; x_wconf 78' lang='lat'><strong>1239-1246]</strong></span> <span class='ocrx_word' id='word_1_3' title='bbox 663 201 983 242; x_wconf 81' lang='lat' dir='ltr'><strong>MEMORIALE</strong></span> <span class='ocrx_word' id='word_1_4' title='bbox 1011 204 1335 243; x_wconf 89' lang='lat' dir='ltr'><strong>HISTORICUM</strong></span> <span class='ocrx_word' id='word_1_5' title='bbox 1879 207 1891 242; x_wconf 95' lang='lat' dir='ltr'><strong>l</strong></span> <span class='ocrx_word' id='word_1_6' title='bbox 1907 208 1919 242; x_wconf 96' lang='lat' dir='ltr'><strong>l</strong></span> 
     </span>
    </p>
   </div>
   <div class='ocr_carea' id='block_1_2' title="bbox 0 336 1926 645">
    <p class='ocr_par' dir='ltr' id='par_1_2' title="bbox 0 336 1926 645">
     <span class='ocr_line' id='line_1_2' title="bbox 167 336 1808 380; baseline 0.001 -11"><span class='ocrx_word' id='word_1_7' title='bbox 167 337 301 369; x_wconf 91' lang='lat' dir='ltr'><strong>Eodem</strong></span> <span class='ocrx_word' id='word_1_8' title='bbox 324 346 425 369; x_wconf 86' lang='lat' dir='ltr'><strong>anno.</strong></span> <span class='ocrx_word' id='word_1_9' title='bbox 450 354 492 359; x_wconf 84' lang='lat'><strong>—</strong></span> <span class='ocrx_word' id='word_1_10' title='bbox 515 336 682 369; x_wconf 85' lang='lat' dir='ltr'>Dominus</span> <span class='ocrx_word' id='word_1_11' title='bbox 704 347 795 379; x_wconf 86' lang='lat' dir='ltr'><strong>papa</strong></span> <span class='ocrx_word' id='word_1_12' title='bbox 818 336 1004 380; x_wconf 86' lang='lat' dir='ltr'>Gregorius</span> <span class='ocrx_word' id='word_1_13' title='bbox 1027 337 1304 370; x_wconf 87' lang='lat' dir='ltr'><strong>excomunicavit</strong></span> <span class='ocrx_word' id='word_1_14' title='bbox 1327 337 1533 370; x_wconf 88' lang='lat' dir='ltr'><strong>Federicum</strong></span> <span class='ocrx_word' id='word_1_15' title='bbox 1556 338 1808 380; x_wconf 85' lang='lat' dir='ltr'><strong>imperatorem.</strong></span> 
     </span>
     <span class='ocr_line' id='line_1_3' title="bbox 169 389 1712 433; baseline 0.001 -11"><span class='ocrx_word' id='word_1_16' title='bbox 169 389 358 423; x_wconf 89' lang='lat' dir='ltr'><strong>M.CCXL.</strong></span> <span class='ocrx_word' id='word_1_17' title='bbox 384 408 425 412; x_wconf 89' lang='lat'><strong>—</strong></span> <span class='ocrx_word' id='word_1_18' title='bbox 455 389 622 422; x_wconf 84' lang='lat' dir='ltr'>Dominus</span> <span class='ocrx_word' id='word_1_19' title='bbox 645 389 842 433; x_wconf 86' lang='lat' dir='ltr'><strong>Raynerius</strong></span> <span class='ocrx_word' id='word_1_20' title='bbox 864 390 959 424; x_wconf 87' lang='lat' dir='ltr'>Zeno</span> <span class='ocrx_word' id='word_1_21' title='bbox 992 390 1036 422; x_wconf 92' lang='lat' dir='ltr'><strong>de</strong></span> <span class='ocrx_word' id='word_1_22' title='bbox 1066 390 1225 422; x_wconf 83' lang='lat' dir='ltr'><strong>Venetiis</strong></span> <span class='ocrx_word' id='word_1_23' title='bbox 1255 389 1322 422; x_wconf 76' lang='lat' dir='ltr'><strong>fuit</strong></span> <span class='ocrx_word' id='word_1_24' title='bbox 1352 396 1503 432; x_wconf 87' lang='lat' dir='ltr'><strong>potestas</strong></span> <span class='ocrx_word' id='word_1_25' title='bbox 1525 390 1712 423; x_wconf 84' lang='lat' dir='ltr'><strong>Bononiae.</strong></span> 
     </span>
     <span class='ocr_line' id='line_1_4' title="bbox 167 441 1924 486; baseline 0.001 -11"><span class='ocrx_word' id='word_1_26' title='bbox 167 442 344 476; x_wconf 86' lang='lat' dir='ltr'><strong>MCCXL.</strong></span> <span class='ocrx_word' id='word_1_27' title='bbox 362 460 404 465; x_wconf 92' lang='lat'><strong>—-</strong></span> <span class='ocrx_word' id='word_1_28' title='bbox 419 441 665 481; x_wconf 89' lang='lat' dir='ltr'><strong>Bononienses,</strong></span> <span class='ocrx_word' id='word_1_29' title='bbox 688 442 875 475; x_wconf 85' lang='lat' dir='ltr'><strong>Venetiani</strong></span> <span class='ocrx_word' id='word_1_30' title='bbox 891 448 926 475; x_wconf 88' lang='lat' dir='ltr'><strong>et</strong></span> <span class='ocrx_word' id='word_1_31' title='bbox 942 441 1123 474; x_wconf 86' lang='lat' dir='ltr'><strong>Mantuani</strong></span> <span class='ocrx_word' id='word_1_32' title='bbox 1145 442 1355 475; x_wconf 91' lang='lat' dir='ltr'><strong>obsederunt</strong></span> <span class='ocrx_word' id='word_1_33' title='bbox 1379 443 1554 475; x_wconf 88' lang='lat' dir='ltr'><strong>civitatem</strong></span> <span class='ocrx_word' id='word_1_34' title='bbox 1577 444 1754 476; x_wconf 87' lang='lat' dir='ltr'><strong>Ferrariae</strong></span> <span class='ocrx_word' id='word_1_35' title='bbox 1772 450 1806 476; x_wconf 85' lang='lat' dir='ltr'><strong>et</strong></span> <span class='ocrx_word' id='word_1_36' title='bbox 1822 450 1924 486; x_wconf 88' lang='lat' dir='ltr'><strong>capto</strong></span> 
     </span>
     <span class='ocr_line' id='line_1_5' title="bbox 81 494 1926 540; baseline 0.001 -12"><span class='ocrx_word' id='word_1_37' title='bbox 81 495 334 540; x_wconf 82' lang='lat' dir='ltr'><strong>Saglinguerra,</strong></span> <span class='ocrx_word' id='word_1_38' title='bbox 358 494 551 527; x_wconf 89' lang='lat' dir='ltr'><strong>habuerunt</strong></span> <span class='ocrx_word' id='word_1_39' title='bbox 574 495 765 527; x_wconf 86' lang='lat' dir='ltr'><strong>Ferrariam</strong></span> <span class='ocrx_word' id='word_1_40' title='bbox 787 500 851 537; x_wconf 84' lang='lat' dir='ltr'><strong>per</strong></span> <span class='ocrx_word' id='word_1_41' title='bbox 874 495 1113 532; x_wconf 85' lang='lat' dir='ltr'><strong>concordiam,</strong></span> <span class='ocrx_word' id='word_1_42' title='bbox 1139 501 1173 527; x_wconf 90' lang='lat' dir='ltr'><strong>et</strong></span> <span class='ocrx_word' id='word_1_43' title='bbox 1197 495 1263 527; x_wconf 94' lang='lat' dir='ltr'><strong>hoc</strong></span> <span class='ocrx_word' id='word_1_44' title='bbox 1288 495 1354 527; x_wconf 79' lang='lat' dir='ltr'><strong>fuit</strong></span> <span class='ocrx_word' id='word_1_45' title='bbox 1378 496 1421 527; x_wconf 91' lang='lat' dir='ltr'><strong>de</strong></span> <span class='ocrx_word' id='word_1_46' title='bbox 1445 507 1562 528; x_wconf 89' lang='lat' dir='ltr'><strong>mense</strong></span> <span class='ocrx_word' id='word_1_47' title='bbox 1593 496 1682 539; x_wconf 87' lang='lat' dir='ltr'><strong>maij.</strong></span> <span class='ocrx_word' id='word_1_48' title='bbox 1728 497 1773 529; x_wconf 78' lang='lat' dir='ltr'><strong>Et</strong></span> <span class='ocrx_word' id='word_1_49' title='bbox 1796 497 1861 530; x_wconf 88' lang='grc'>11111</span> <span class='ocrx_word' id='word_1_50' title='bbox 1877 497 1926 530; x_wconf 91' lang='lat' dir='ltr'><strong>ibi</strong></span> 
     </span>
     <span class='ocr_line' id='line_1_6' title="bbox 0 539 1925 592; baseline 0.001 -11"><span class='ocrx_word' id='word_1_51' title='bbox 0 539 9 588; x_wconf 58' lang='grc' dir='ltr'><em>ᾗ</em></span> <span class='ocrx_word' id='word_1_52' title='bbox 38 546 56 580; x_wconf 92' lang='grc'>5</span> <span class='ocrx_word' id='word_1_53' title='bbox 81 549 125 581; x_wconf 83' lang='grc'><strong>(10</strong></span> <span class='ocrx_word' id='word_1_54' title='bbox 148 558 265 580; x_wconf 87' lang='lat' dir='ltr'><strong>mense</strong></span> <span class='ocrx_word' id='word_1_55' title='bbox 294 548 384 591; x_wconf 80' lang='lat' dir='ltr'><strong>junii</strong></span> <span class='ocrx_word' id='word_1_56' title='bbox 408 548 565 580; x_wconf 89' lang='lat' dir='ltr'><strong>dominus</strong></span> <span class='ocrx_word' id='word_1_57' title='bbox 588 548 719 592; x_wconf 82' lang='lat' dir='ltr'><strong>legatus</strong></span> <span class='ocrx_word' id='word_1_58' title='bbox 743 548 866 581; x_wconf 90' lang='lat' dir='ltr'><strong>Curiae</strong></span> <span class='ocrx_word' id='word_1_59' title='bbox 891 558 1052 580; x_wconf 84' lang='lat' dir='ltr'><strong>romanae</strong></span> <span class='ocrx_word' id='word_1_60' title='bbox 1071 554 1115 580; x_wconf 88' lang='grc'><strong>01</strong></span> <span class='ocrx_word' id='word_1_61' title='bbox 1141 548 1294 580; x_wconf 80' lang='lat' dir='ltr'><strong>marchio</strong></span> <span class='ocrx_word' id='word_1_62' title='bbox 1322 548 1476 581; x_wconf 89' lang='lat' dir='ltr'><strong>Estensis</strong></span> <span class='ocrx_word' id='word_1_63' title='bbox 1499 554 1534 581; x_wconf 90' lang='lat' dir='ltr'><strong>et</strong></span> <span class='ocrx_word' id='word_1_64' title='bbox 1565 555 1831 591; x_wconf 89' lang='lat' dir='ltr'><strong>composuerunt</strong></span> <span class='ocrx_word' id='word_1_65' title='bbox 1847 560 1925 582; x_wconf 91' lang='lat' dir='ltr'><strong>cum</strong></span> 
     </span>
     <span class='ocr_line' id='line_1_7' title="bbox 81 601 1807 645; baseline 0 -11"><span class='ocrx_word' id='word_1_66' title='bbox 81 601 335 645; x_wconf 88' lang='lat' dir='ltr'><strong>Saglinguerra,</strong></span> <span class='ocrx_word' id='word_1_67' title='bbox 360 601 420 644; x_wconf 90' lang='lat' dir='ltr'><strong>qui</strong></span> <span class='ocrx_word' id='word_1_68' title='bbox 442 601 505 633; x_wconf 86' lang='lat' dir='ltr'><strong>ivit</strong></span> <span class='ocrx_word' id='word_1_69' title='bbox 527 601 695 634; x_wconf 88' lang='lat' dir='ltr'><strong>Venetias</strong></span> <span class='ocrx_word' id='word_1_70' title='bbox 719 612 797 633; x_wconf 91' lang='lat' dir='ltr'><strong>cum</strong></span> <span class='ocrx_word' id='word_1_71' title='bbox 821 601 961 633; x_wconf 89' lang='lat' dir='ltr'><strong>domino</strong></span> <span class='ocrx_word' id='word_1_72' title='bbox 985 601 1074 633; x_wconf 85' lang='lat' dir='ltr'><strong>duce</strong></span> <span class='ocrx_word' id='word_1_73' title='bbox 1099 601 1323 634; x_wconf 88' lang='lat' dir='ltr'><strong>Venetiarum</strong></span> <span class='ocrx_word' id='word_1_74' title='bbox 1347 601 1392 633; x_wconf 92' lang='lat' dir='ltr'><strong>ad</strong></span> <span class='ocrx_word' id='word_1_75' title='bbox 1415 602 1617 634; x_wconf 87' lang='lat' dir='ltr'><strong>morandum</strong></span> <span class='ocrx_word' id='word_1_76' title='bbox 1641 602 1807 635; x_wconf 87' lang='lat' dir='ltr'><strong>Venetiis.</strong></span> 
     </span>
    </p>
   </div>
   <div class='ocr_carea' id='block_1_3' title="bbox 0 653 1927 911">
    <p class='ocr_par' dir='ltr' id='par_1_3' title="bbox 0 644 1927 751">
     <span class='ocr_line' id='line_1_8' title="bbox 0 653 1927 696; baseline 0 -8"><span class='ocrx_word' id='word_1_77' title='bbox 0 660 5 675; x_wconf 77' lang='lat'>’</span> <span class='ocrx_word' id='word_1_78' title='bbox 168 654 302 686; x_wconf 89' lang='lat' dir='ltr'><strong>Eodem</strong></span> <span class='ocrx_word' id='word_1_79' title='bbox 325 663 427 686; x_wconf 87' lang='lat' dir='ltr'><strong>anno.</strong></span> <span class='ocrx_word' id='word_1_80' title='bbox 451 654 707 696; x_wconf 89' lang='lat' dir='ltr'><strong>—Imperator</strong></span> <span class='ocrx_word' id='word_1_81' title='bbox 729 654 865 687; x_wconf 89' lang='lat' dir='ltr'><strong>obsedit</strong></span> <span class='ocrx_word' id='word_1_82' title='bbox 887 654 1089 687; x_wconf 90' lang='lat' dir='ltr'><strong>Faventiam</strong></span> <span class='ocrx_word' id='word_1_83' title='bbox 1113 659 1148 686; x_wconf 91' lang='lat' dir='ltr'><strong>et</strong></span> <span class='ocrx_word' id='word_1_84' title='bbox 1171 653 1290 686; x_wconf 83' lang='lat' dir='ltr'><strong>habuit</strong></span> <span class='ocrx_word' id='word_1_85' title='bbox 1312 654 1421 696; x_wconf 84' lang='lat' dir='ltr'><strong>ipsam</strong></span> <span class='ocrx_word' id='word_1_86' title='bbox 1449 660 1484 686; x_wconf 85' lang='lat' dir='ltr'><strong>et</strong></span> <span class='ocrx_word' id='word_1_87' title='bbox 1514 661 1634 696; x_wconf 86' lang='lat' dir='ltr'><strong>postea</strong></span> <span class='ocrx_word' id='word_1_88' title='bbox 1664 655 1783 688; x_wconf 86' lang='lat' dir='ltr'><strong>habuit</strong></span> <span class='ocrx_word' id='word_1_89' title='bbox 1807 656 1927 688; x_wconf 92' lang='lat' dir='ltr'><strong>civita-</strong></span> 
     </span>
     <span class='ocr_line' id='line_1_9' title="bbox 79 707 374 740; baseline 0 -1"><span class='ocrx_word' id='word_1_90' title='bbox 79 712 149 740; x_wconf 89' lang='lat' dir='ltr'><strong>tem</strong></span> <span class='ocrx_word' id='word_1_91' title='bbox 172 707 374 740; x_wconf 88' lang='lat' dir='ltr'><strong>Ravennae.</strong></span> 
     </span>
    </p>

    <p class='ocr_par' dir='ltr' id='par_1_4' title="bbox 0 757 1924 855">
     <span class='ocr_line' id='line_1_10' title="bbox 0 757 1924 805; baseline 0.002 -13"><span class='ocrx_word' id='word_1_92' title='bbox 0 757 8 798; x_wconf 64' lang='lat'><strong>{⁵</strong></span> <span class='ocrx_word' id='word_1_93' title='bbox 169 760 302 793; x_wconf 92' lang='lat' dir='ltr'><strong>Eodem</strong></span> <span class='ocrx_word' id='word_1_94' title='bbox 337 770 438 793; x_wconf 88' lang='lat' dir='ltr'><strong>anno.</strong></span> <span class='ocrx_word' id='word_1_95' title='bbox 474 779 516 784; x_wconf 88' lang='lat'><strong>—-</strong></span> <span class='ocrx_word' id='word_1_96' title='bbox 546 760 714 793; x_wconf 88' lang='lat' dir='ltr'><strong>Dominus</strong></span> <span class='ocrx_word' id='word_1_97' title='bbox 746 761 929 800; x_wconf 90' lang='lat' dir='ltr'><strong>Henricus,</strong></span> <span class='ocrx_word' id='word_1_98' title='bbox 961 761 1143 803; x_wconf 88' lang='lat' dir='ltr'><strong>episcopus</strong></span> <span class='ocrx_word' id='word_1_99' title='bbox 1176 761 1364 800; x_wconf 86' lang='lat' dir='ltr'><strong>Bononiae,</strong></span> <span class='ocrx_word' id='word_1_100' title='bbox 1399 761 1609 795; x_wconf 84' lang='lat' dir='ltr'><strong>renuntiavit</strong></span> <span class='ocrx_word' id='word_1_101' title='bbox 1642 762 1855 805; x_wconf 81' lang='lat' dir='ltr'><strong>episcopatui</strong></span> <span class='ocrx_word' id='word_1_102' title='bbox 1889 769 1924 796; x_wconf 91' lang='lat' dir='ltr'><strong>et</strong></span> 
     </span>
     <span class='ocr_line' id='line_1_11' title="bbox 0 799 903 856; baseline 0.002 -12"><span class='ocrx_word' id='word_1_103' title='bbox 0 799 57 856; x_wconf 62' lang='lat'><strong>{10</strong></span> <span class='ocrx_word' id='word_1_104' title='bbox 79 813 159 845; x_wconf 92' lang='lat' dir='ltr'><strong>loco</strong></span> <span class='ocrx_word' id='word_1_105' title='bbox 182 812 255 855; x_wconf 86' lang='lat' dir='ltr'><strong>ejus</strong></span> <span class='ocrx_word' id='word_1_106' title='bbox 278 813 409 845; x_wconf 86' lang='lat' dir='ltr'><strong>electus</strong></span> <span class='ocrx_word' id='word_1_107' title='bbox 432 813 499 846; x_wconf 76' lang='lat' dir='ltr'><strong>fuit</strong></span> <span class='ocrx_word' id='word_1_108' title='bbox 522 813 681 845; x_wconf 86' lang='lat' dir='ltr'><strong>dominus</strong></span> <span class='ocrx_word' id='word_1_109' title='bbox 703 813 903 846; x_wconf 84' lang='lat' dir='ltr'><strong>Otavianus.</strong></span> 
     </span>
    </p>

    <p class='ocr_par' dir='ltr' id='par_1_5' title="bbox 0 861 1922 911">
     <span class='ocr_line' id='line_1_12' title="bbox 0 861 1922 911; baseline 0.002 -13"><span class='ocrx_word' id='word_1_110' title='bbox 0 861 12 874; x_wconf 71' lang='lat'><strong>“</strong></span> <span class='ocrx_word' id='word_1_111' title='bbox 166 865 216 898; x_wconf 89' lang='lat' dir='ltr'><strong>M.</strong></span> <span class='ocrx_word' id='word_1_112' title='bbox 219 865 372 898; x_wconf 91' lang='lat' dir='ltr'><strong>CCXLI.</strong></span> <span class='ocrx_word' id='word_1_113' title='bbox 397 884 438 889; x_wconf 94' lang='lat'><strong>—-</strong></span> <span class='ocrx_word' id='word_1_114' title='bbox 463 865 634 899; x_wconf 89' lang='lat' dir='ltr'><strong>Salicatae</strong></span> <span class='ocrx_word' id='word_1_115' title='bbox 659 866 807 899; x_wconf 89' lang='lat' dir='ltr'><strong>civitatis</strong></span> <span class='ocrx_word' id='word_1_116' title='bbox 830 867 1006 899; x_wconf 90' lang='lat' dir='ltr'><strong>Bononiae</strong></span> <span class='ocrx_word' id='word_1_117' title='bbox 1030 867 1146 899; x_wconf 80' lang='lat' dir='ltr'><strong>factae</strong></span> <span class='ocrx_word' id='word_1_118' title='bbox 1170 867 1311 900; x_wconf 77' lang='lat' dir='ltr'><strong>fuerunt</strong></span> <span class='ocrx_word' id='word_1_119' title='bbox 1335 867 1378 900; x_wconf 91' lang='lat' dir='ltr'><strong>de</strong></span> <span class='ocrx_word' id='word_1_120' title='bbox 1402 867 1585 910; x_wconf 86' lang='lat' dir='ltr'><strong>lapidibus,</strong></span> <span class='ocrx_word' id='word_1_121' title='bbox 1609 878 1697 911; x_wconf 88' lang='lat' dir='ltr'><strong>quae</strong></span> <span class='ocrx_word' id='word_1_122' title='bbox 1720 874 1800 901; x_wconf 89' lang='lat' dir='ltr'><strong>ante</strong></span> <span class='ocrx_word' id='word_1_123' title='bbox 1825 875 1922 902; x_wconf 86' lang='lat' dir='ltr'><strong>erant</strong></span> 
     </span>
    </p>
   </div>
   <div class='ocr_carea' id='block_1_4' title="bbox 0 918 1927 2130">
    <p class='ocr_par' dir='ltr' id='par_1_6' title="bbox 0 918 1927 2130">
     <span class='ocr_line' id='line_1_13' title="bbox 81 918 292 951; baseline 0 0"><span class='ocrx_word' id='word_1_124' title='bbox 81 918 126 951; x_wconf 91' lang='lat' dir='ltr'><strong>de</strong></span> <span class='ocrx_word' id='word_1_125' title='bbox 151 919 292 951; x_wconf 89' lang='lat' dir='ltr'><strong>codalis.</strong></span> 
     </span>
     <span class='ocr_line' id='line_1_14' title="bbox 165 971 1462 1006; baseline 0.002 -2"><span class='ocrx_word' id='word_1_126' title='bbox 165 971 388 1005; x_wconf 90' lang='lat' dir='ltr'><strong>M.CCXLII.</strong></span> <span class='ocrx_word' id='word_1_127' title='bbox 413 991 455 996; x_wconf 87' lang='lat'><strong>—</strong></span> <span class='ocrx_word' id='word_1_128' title='bbox 478 972 635 1006; x_wconf 84' lang='lat' dir='ltr'><strong>Castrum</strong></span> <span class='ocrx_word' id='word_1_129' title='bbox 658 972 804 1005; x_wconf 85' lang='lat' dir='ltr'><strong>Osellini</strong></span> <span class='ocrx_word' id='word_1_130' title='bbox 826 973 894 1005; x_wconf 83' lang='lat' dir='ltr'><strong>fuit</strong></span> <span class='ocrx_word' id='word_1_131' title='bbox 917 978 1151 1005; x_wconf 83' lang='lat' dir='ltr'><strong>constructum</strong></span> <span class='ocrx_word' id='word_1_132' title='bbox 1175 978 1210 1005; x_wconf 89' lang='lat' dir='ltr'><strong>et</strong></span> <span class='ocrx_word' id='word_1_133' title='bbox 1232 973 1462 1006; x_wconf 87' lang='lat' dir='ltr'><strong>aedificatum.</strong></span> 
     </span>
     <span class='ocr_line' id='line_1_15' title="bbox 0 1025 1760 1069; baseline -0.001 -12"><span class='ocrx_word' id='word_1_134' title='bbox 0 1066 4 1069; x_wconf 19' lang='grc' dir='ltr'><em>Ὗ</em></span> <span class='ocrx_word' id='word_1_135' title='bbox 166 1025 299 1057; x_wconf 90' lang='lat' dir='ltr'><strong>Eodem</strong></span> <span class='ocrx_word' id='word_1_136' title='bbox 322 1035 424 1058; x_wconf 90' lang='lat' dir='ltr'><strong>anno.</strong></span> <span class='ocrx_word' id='word_1_137' title='bbox 447 1044 488 1049; x_wconf 83' lang='lat'><strong>—</strong></span> <span class='ocrx_word' id='word_1_138' title='bbox 511 1026 679 1058; x_wconf 88' lang='lat' dir='ltr'><strong>Dominus</strong></span> <span class='ocrx_word' id='word_1_139' title='bbox 701 1025 853 1058; x_wconf 88' lang='lat' dir='ltr'><strong>Ubertus</strong></span> <span class='ocrx_word' id='word_1_140' title='bbox 876 1025 1082 1058; x_wconf 87' lang='lat' dir='ltr'><strong>Vicecomes</strong></span> <span class='ocrx_word' id='word_1_141' title='bbox 1105 1026 1172 1058; x_wconf 78' lang='lat' dir='ltr'><strong>fuit</strong></span> <span class='ocrx_word' id='word_1_142' title='bbox 1194 1032 1345 1068; x_wconf 88' lang='lat' dir='ltr'><strong>potestas</strong></span> <span class='ocrx_word' id='word_1_143' title='bbox 1366 1026 1554 1059; x_wconf 87' lang='lat' dir='ltr'><strong>Bononiae.</strong></span> <span class='ocrx_word' id='word_1_144' title='bbox 1757 1054 1760 1056; x_wconf 85' lang='lat'><strong>.</strong></span> 
     </span>
     <span class='ocr_line' id='line_1_16' title="bbox 0 1074 1810 1125; baseline 0.002 -16"><span class='ocrx_word' id='word_1_145' title='bbox 0 1074 55 1125; x_wconf 59' lang='lat'><strong>{15</strong></span> <span class='ocrx_word' id='word_1_146' title='bbox 167 1076 300 1110; x_wconf 91' lang='lat' dir='ltr'><strong>Eodem</strong></span> <span class='ocrx_word' id='word_1_147' title='bbox 324 1087 425 1110; x_wconf 90' lang='lat' dir='ltr'><strong>anno.</strong></span> <span class='ocrx_word' id='word_1_148' title='bbox 452 1095 493 1100; x_wconf 89' lang='lat'>—</span> <span class='ocrx_word' id='word_1_149' title='bbox 516 1077 596 1110; x_wconf 89' lang='lat' dir='ltr'><strong>Rex</strong></span> <span class='ocrx_word' id='word_1_150' title='bbox 619 1078 792 1110; x_wconf 87' lang='lat' dir='ltr'><strong>Henricus</strong></span> <span class='ocrx_word' id='word_1_151' title='bbox 815 1078 950 1111; x_wconf 86' lang='lat' dir='ltr'><strong>obsedit</strong></span> <span class='ocrx_word' id='word_1_152' title='bbox 973 1083 1121 1110; x_wconf 84' lang='lat' dir='ltr'><strong>castrum</strong></span> <span class='ocrx_word' id='word_1_153' title='bbox 1144 1078 1371 1111; x_wconf 88' lang='lat' dir='ltr'><strong>Roncharelli</strong></span> <span class='ocrx_word' id='word_1_154' title='bbox 1395 1079 1575 1111; x_wconf 88' lang='lat' dir='ltr'><strong>comitatus</strong></span> <span class='ocrx_word' id='word_1_155' title='bbox 1597 1078 1810 1113; x_wconf 83' lang='lat' dir='ltr'><strong>Placentiae.</strong></span> 
     </span>
     <span class='ocr_line' id='line_1_17' title="bbox 0 1123 1922 1174; baseline 0.002 -11"><span class='ocrx_word' id='word_1_156' title='bbox 0 1123 10 1137; x_wconf 56' lang='lat'><em>‘</em></span> <span class='ocrx_word' id='word_1_157' title='bbox 165 1130 299 1163; x_wconf 89' lang='lat' dir='ltr'><strong>Eodem</strong></span> <span class='ocrx_word' id='word_1_158' title='bbox 322 1141 423 1163; x_wconf 89' lang='lat' dir='ltr'><strong>anno.</strong></span> <span class='ocrx_word' id='word_1_159' title='bbox 447 1149 490 1154; x_wconf 83' lang='lat'><strong>——</strong></span> <span class='ocrx_word' id='word_1_160' title='bbox 512 1132 621 1164; x_wconf 86' lang='lat' dir='ltr'><strong>Facta</strong></span> <span class='ocrx_word' id='word_1_161' title='bbox 643 1132 710 1164; x_wconf 77' lang='lat' dir='ltr'><strong>fuit</strong></span> <span class='ocrx_word' id='word_1_162' title='bbox 731 1142 800 1174; x_wconf 86' lang='lat' dir='ltr'><strong>pax</strong></span> <span class='ocrx_word' id='word_1_163' title='bbox 822 1132 912 1164; x_wconf 87' lang='lat' dir='ltr'><strong>inter</strong></span> <span class='ocrx_word' id='word_1_164' title='bbox 934 1132 1010 1164; x_wconf 91' lang='lat' dir='ltr'><strong>illos</strong></span> <span class='ocrx_word' id='word_1_165' title='bbox 1035 1132 1078 1164; x_wconf 90' lang='lat' dir='ltr'><strong>de</strong></span> <span class='ocrx_word' id='word_1_166' title='bbox 1101 1131 1241 1174; x_wconf 90' lang='lat' dir='ltr'><strong>Pepolis</strong></span> <span class='ocrx_word' id='word_1_167' title='bbox 1271 1138 1306 1165; x_wconf 88' lang='lat' dir='ltr'><strong>et</strong></span> <span class='ocrx_word' id='word_1_168' title='bbox 1332 1133 1410 1165; x_wconf 91' lang='lat' dir='ltr'><strong>illos</strong></span> <span class='ocrx_word' id='word_1_169' title='bbox 1434 1133 1477 1165; x_wconf 91' lang='lat' dir='ltr'><strong>de</strong></span> <span class='ocrx_word' id='word_1_170' title='bbox 1501 1133 1719 1172; x_wconf 86' lang='lat' dir='ltr'><strong>Tetalasinis,</strong></span> <span class='ocrx_word' id='word_1_171' title='bbox 1737 1134 1780 1166; x_wconf 91' lang='lat' dir='ltr'><strong>de</strong></span> <span class='ocrx_word' id='word_1_172' title='bbox 1805 1144 1922 1167; x_wconf 89' lang='lat' dir='ltr'><strong>mense</strong></span> 
     </span>
     <span class='ocr_line' id='line_1_18' title="bbox 78 1184 749 1223; baseline 0.001 -7"><span class='ocrx_word' id='word_1_173' title='bbox 78 1184 282 1223; x_wconf 83' lang='lat' dir='ltr'><strong>decembris,</strong></span> <span class='ocrx_word' id='word_1_174' title='bbox 305 1185 341 1216; x_wconf 91' lang='lat' dir='ltr'><strong>in</strong></span> <span class='ocrx_word' id='word_1_175' title='bbox 365 1185 422 1217; x_wconf 90' lang='lat' dir='ltr'><strong>die</strong></span> <span class='ocrx_word' id='word_1_176' title='bbox 445 1191 584 1217; x_wconf 85' lang='lat' dir='ltr'><strong>sanctae</strong></span> <span class='ocrx_word' id='word_1_177' title='bbox 607 1185 749 1218; x_wconf 89' lang='lat' dir='ltr'><strong>Luciae.</strong></span> 
     </span>
     <span class='ocr_line' id='line_1_19' title="bbox 165 1237 1516 1281; baseline 0.001 -12"><span class='ocrx_word' id='word_1_178' title='bbox 165 1237 406 1270; x_wconf 39' lang='lat' dir='ltr'><strong>MUCCXLIII</strong></span> <span class='ocrx_word' id='word_1_179' title='bbox 430 1256 472 1261; x_wconf 90' lang='lat'><strong>-—</strong></span> <span class='ocrx_word' id='word_1_180' title='bbox 494 1238 662 1270; x_wconf 90' lang='lat' dir='ltr'><strong>Dominus</strong></span> <span class='ocrx_word' id='word_1_181' title='bbox 683 1237 779 1270; x_wconf 91' lang='lat' dir='ltr'><strong>Acco</strong></span> <span class='ocrx_word' id='word_1_182' title='bbox 803 1239 847 1271; x_wconf 89' lang='lat' dir='ltr'><strong>de</strong></span> <span class='ocrx_word' id='word_1_183' title='bbox 870 1238 1043 1271; x_wconf 88' lang='lat' dir='ltr'><strong>Pirovallo</strong></span> <span class='ocrx_word' id='word_1_184' title='bbox 1066 1239 1133 1271; x_wconf 78' lang='lat' dir='ltr'><strong>fuit</strong></span> <span class='ocrx_word' id='word_1_185' title='bbox 1155 1244 1306 1281; x_wconf 89' lang='lat' dir='ltr'><strong>potestas</strong></span> <span class='ocrx_word' id='word_1_186' title='bbox 1328 1239 1516 1272; x_wconf 88' lang='lat' dir='ltr'><strong>Bononiae.</strong></span> 
     </span>
     <span class='ocr_line' id='line_1_20' title="bbox 165 1290 1920 1337; baseline 0.002 -15"><span class='ocrx_word' id='word_1_187' title='bbox 165 1290 300 1322; x_wconf 88' lang='lat' dir='ltr'><strong>Eodem</strong></span> <span class='ocrx_word' id='word_1_188' title='bbox 323 1300 424 1323; x_wconf 89' lang='lat' dir='ltr'><strong>anno.</strong></span> <span class='ocrx_word' id='word_1_189' title='bbox 447 1309 489 1313; x_wconf 89' lang='lat'><strong>—</strong></span> <span class='ocrx_word' id='word_1_190' title='bbox 523 1290 759 1323; x_wconf 85' lang='lat' dir='ltr'><strong>Bononienses</strong></span> <span class='ocrx_word' id='word_1_191' title='bbox 794 1298 1006 1333; x_wconf 87' lang='lat' dir='ltr'><strong>acceperunt</strong></span> <span class='ocrx_word' id='word_1_192' title='bbox 1038 1291 1230 1324; x_wconf 81' lang='lat' dir='ltr'><strong>Roffenum</strong></span> <span class='ocrx_word' id='word_1_193' title='bbox 1261 1297 1296 1324; x_wconf 90' lang='lat' dir='ltr'><strong>et</strong></span> <span class='ocrx_word' id='word_1_194' title='bbox 1331 1292 1489 1324; x_wconf 91' lang='lat' dir='ltr'><strong>dominus</strong></span> <span class='ocrx_word' id='word_1_195' title='bbox 1522 1291 1617 1336; x_wconf 76' lang='lat' dir='ltr'><strong>Acco</strong></span> <span class='ocrx_word' id='word_1_196' title='bbox 1649 1293 1692 1325; x_wconf 93' lang='lat' dir='ltr'><strong>de</strong></span> <span class='ocrx_word' id='word_1_197' title='bbox 1727 1295 1920 1337; x_wconf 86' lang='lat' dir='ltr'><strong>Fregnano,</strong></span> 
     </span>
     <span class='ocr_line' id='line_1_21' title="bbox 0 1329 1925 1388; baseline 0.002 -13"><span class='ocrx_word' id='word_1_198' title='bbox 0 1329 55 1388; x_wconf 64' lang='lat'><strong>{20</strong></span> <span class='ocrx_word' id='word_1_199' title='bbox 78 1343 137 1386; x_wconf 90' lang='lat' dir='ltr'><strong>qui</strong></span> <span class='ocrx_word' id='word_1_200' title='bbox 159 1343 271 1385; x_wconf 90' lang='lat' dir='ltr'><strong>ipsum</strong></span> <span class='ocrx_word' id='word_1_201' title='bbox 294 1343 522 1376; x_wconf 82' lang='lat' dir='ltr'><strong>rebellaverat</strong></span> <span class='ocrx_word' id='word_1_202' title='bbox 546 1349 666 1376; x_wconf 90' lang='lat' dir='ltr'><strong>contra</strong></span> <span class='ocrx_word' id='word_1_203' title='bbox 688 1354 835 1378; x_wconf 90' lang='lat' dir='ltr'><strong>comune</strong></span> <span class='ocrx_word' id='word_1_204' title='bbox 857 1344 1046 1383; x_wconf 87' lang='lat' dir='ltr'><strong>Bononiae,</strong></span> <span class='ocrx_word' id='word_1_205' title='bbox 1070 1344 1136 1376; x_wconf 78' lang='lat' dir='ltr'><strong>fuit</strong></span> <span class='ocrx_word' id='word_1_206' title='bbox 1160 1345 1376 1377; x_wconf 86' lang='lat' dir='ltr'><strong>strassinatus</strong></span> <span class='ocrx_word' id='word_1_207' title='bbox 1399 1351 1434 1377; x_wconf 90' lang='lat' dir='ltr'><strong>et</strong></span> <span class='ocrx_word' id='word_1_208' title='bbox 1457 1345 1673 1387; x_wconf 85' lang='lat' dir='ltr'><strong>decapitatus</strong></span> <span class='ocrx_word' id='word_1_209' title='bbox 1704 1357 1783 1379; x_wconf 92' lang='lat' dir='ltr'><strong>cum</strong></span> <span class='ocrx_word' id='word_1_210' title='bbox 1811 1347 1925 1379; x_wconf 89' lang='lat' dir='ltr'><strong>multis</strong></span> 
     </span>
     <span class='ocr_line' id='line_1_22' title="bbox 0 1391 1064 1434; baseline 0.001 -6"><span class='ocrx_word' id='word_1_211' title='bbox 0 1391 23 1420; x_wconf 43' lang='lat' dir='ltr'><strong>Y*</strong></span> <span class='ocrx_word' id='word_1_212' title='bbox 78 1396 154 1428; x_wconf 87' lang='lat' dir='ltr'><strong>aliis</strong></span> <span class='ocrx_word' id='word_1_213' title='bbox 175 1396 243 1428; x_wconf 84' lang='lat' dir='ltr'><strong>suis</strong></span> <span class='ocrx_word' id='word_1_214' title='bbox 266 1396 383 1434; x_wconf 82' lang='lat' dir='ltr'><strong>sociis3</strong></span> <span class='ocrx_word' id='word_1_215' title='bbox 407 1402 442 1429; x_wconf 90' lang='lat' dir='ltr'><strong>et</strong></span> <span class='ocrx_word' id='word_1_216' title='bbox 465 1396 532 1428; x_wconf 91' lang='lat' dir='ltr'><strong>hoc</strong></span> <span class='ocrx_word' id='word_1_217' title='bbox 556 1396 622 1429; x_wconf 76' lang='lat' dir='ltr'><strong>fuit</strong></span> <span class='ocrx_word' id='word_1_218' title='bbox 646 1396 702 1429; x_wconf 91' lang='lat' dir='ltr'><strong>die</strong></span> <span class='ocrx_word' id='word_1_219' title='bbox 726 1397 880 1429; x_wconf 90' lang='lat' dir='ltr'><strong>secundo</strong></span> <span class='ocrx_word' id='word_1_220' title='bbox 905 1397 1064 1429; x_wconf 88' lang='lat' dir='ltr'><strong>octobris.</strong></span> 
     </span>
     <span class='ocr_line' id='line_1_23' title="bbox 164 1448 1924 1495; baseline 0.002 -14"><span class='ocrx_word' id='word_1_221' title='bbox 164 1448 297 1481; x_wconf 90' lang='lat' dir='ltr'><strong>Eodem</strong></span> <span class='ocrx_word' id='word_1_222' title='bbox 321 1459 422 1481; x_wconf 90' lang='lat' dir='ltr'><strong>anno.</strong></span> <span class='ocrx_word' id='word_1_223' title='bbox 447 1467 488 1471; x_wconf 88' lang='lat'><strong>——</strong></span> <span class='ocrx_word' id='word_1_224' title='bbox 513 1449 708 1482; x_wconf 89' lang='lat' dir='ltr'><strong>Cardinalis</strong></span> <span class='ocrx_word' id='word_1_225' title='bbox 731 1449 941 1493; x_wconf 89' lang='lat' dir='ltr'><strong>Synibaldus</strong></span> <span class='ocrx_word' id='word_1_226' title='bbox 964 1450 1008 1482; x_wconf 86' lang='lat' dir='ltr'><strong>de</strong></span> <span class='ocrx_word' id='word_1_227' title='bbox 1033 1450 1148 1482; x_wconf 89' lang='lat' dir='ltr'><strong>Flisco</strong></span> <span class='ocrx_word' id='word_1_228' title='bbox 1173 1450 1216 1482; x_wconf 94' lang='lat' dir='ltr'><strong>de</strong></span> <span class='ocrx_word' id='word_1_229' title='bbox 1240 1450 1351 1493; x_wconf 88' lang='lat' dir='ltr'><strong>Janua</strong></span> <span class='ocrx_word' id='word_1_230' title='bbox 1373 1450 1440 1484; x_wconf 85' lang='grc'>11111</span> <span class='ocrx_word' id='word_1_231' title='bbox 1464 1451 1577 1484; x_wconf 82' lang='lat' dir='ltr'><strong>factus</strong></span> <span class='ocrx_word' id='word_1_232' title='bbox 1604 1462 1694 1495; x_wconf 91' lang='lat' dir='ltr'><strong>papa</strong></span> <span class='ocrx_word' id='word_1_233' title='bbox 1725 1458 1760 1485; x_wconf 88' lang='lat' dir='ltr'><strong>et</strong></span> <span class='ocrx_word' id='word_1_234' title='bbox 1782 1458 1924 1485; x_wconf 89' lang='lat' dir='ltr'><strong>vocatus</strong></span> 
     </span>
     <span class='ocr_line' id='line_1_24' title="bbox 78 1503 588 1545; baseline 0 -10"><span class='ocrx_word' id='word_1_235' title='bbox 78 1513 169 1545; x_wconf 89' lang='lat' dir='ltr'><strong>papa</strong></span> <span class='ocrx_word' id='word_1_236' title='bbox 192 1503 415 1535; x_wconf 82' lang='lat' dir='ltr'><strong>Innocentius</strong></span> <span class='ocrx_word' id='word_1_237' title='bbox 438 1509 588 1545; x_wconf 85' lang='lat' dir='ltr'><strong>quartus.</strong></span> 
     </span>
     <span class='ocr_line' id='line_1_25' title="bbox 167 1556 1926 1603; baseline 0.002 -14"><span class='ocrx_word' id='word_1_238' title='bbox 167 1556 302 1589; x_wconf 91' lang='lat' dir='ltr'><strong>Eodem</strong></span> <span class='ocrx_word' id='word_1_239' title='bbox 325 1567 426 1590; x_wconf 89' lang='lat' dir='ltr'><strong>anno.</strong></span> <span class='ocrx_word' id='word_1_240' title='bbox 451 1574 493 1579; x_wconf 85' lang='lat'>—</span> <span class='ocrx_word' id='word_1_241' title='bbox 517 1556 709 1589; x_wconf 88' lang='lat' dir='ltr'><strong>Guiducius</strong></span> <span class='ocrx_word' id='word_1_242' title='bbox 740 1557 870 1589; x_wconf 91' lang='lat' dir='ltr'><strong>domini</strong></span> <span class='ocrx_word' id='word_1_243' title='bbox 892 1557 1066 1589; x_wconf 75' lang='lat' dir='ltr'><strong>Bonifacii</strong></span> <span class='ocrx_word' id='word_1_244' title='bbox 1089 1557 1157 1590; x_wconf 83' lang='lat' dir='ltr'><strong>fuit</strong></span> <span class='ocrx_word' id='word_1_245' title='bbox 1180 1564 1332 1590; x_wconf 84' lang='lat' dir='ltr'><strong>mortuus</strong></span> <span class='ocrx_word' id='word_1_246' title='bbox 1364 1558 1420 1590; x_wconf 91' lang='lat' dir='ltr'><strong>die</strong></span> <span class='ocrx_word' id='word_1_247' title='bbox 1444 1568 1484 1600; x_wconf 86' lang='lat' dir='ltr'><strong>vJ</strong></span> <span class='ocrx_word' id='word_1_248' title='bbox 1511 1565 1657 1592; x_wconf 87' lang='lat' dir='ltr'><strong>exeunte</strong></span> <span class='ocrx_word' id='word_1_249' title='bbox 1681 1566 1835 1603; x_wconf 87' lang='lat' dir='ltr'><strong>augusto.</strong></span> <span class='ocrx_word' id='word_1_250' title='bbox 1882 1560 1926 1592; x_wconf 91' lang='lat' dir='ltr'><strong>Et</strong></span> 
     </span>
     <span class='ocr_line' id='line_1_26' title="bbox 0 1606 1927 1653; baseline 0.002 -11"><span class='ocrx_word' id='word_1_251' title='bbox 0 1606 54 1646; x_wconf 61' lang='grc'><strong>125</strong></span> <span class='ocrx_word' id='word_1_252' title='bbox 79 1609 174 1642; x_wconf 87' lang='lat' dir='ltr'><strong>dicta</strong></span> <span class='ocrx_word' id='word_1_253' title='bbox 197 1610 240 1642; x_wconf 92' lang='lat' dir='ltr'><strong>de</strong></span> <span class='ocrx_word' id='word_1_254' title='bbox 266 1621 368 1643; x_wconf 87' lang='lat' dir='ltr'><strong>causa</strong></span> <span class='ocrx_word' id='word_1_255' title='bbox 391 1611 458 1644; x_wconf 77' lang='lat' dir='ltr'><strong>fuit</strong></span> <span class='ocrx_word' id='word_1_256' title='bbox 481 1611 696 1652; x_wconf 87' lang='lat' dir='ltr'><strong>decapitatus</strong></span> <span class='ocrx_word' id='word_1_257' title='bbox 718 1609 849 1643; x_wconf 86' lang='lat' dir='ltr'><strong>Ameus</strong></span> <span class='ocrx_word' id='word_1_258' title='bbox 878 1611 915 1642; x_wconf 92' lang='lat' dir='ltr'><strong>in</strong></span> <span class='ocrx_word' id='word_1_259' title='bbox 946 1611 1043 1643; x_wconf 89' lang='lat' dir='ltr'><strong>curia</strong></span> <span class='ocrx_word' id='word_1_260' title='bbox 1072 1611 1228 1643; x_wconf 86' lang='lat' dir='ltr'><strong>comunis</strong></span> <span class='ocrx_word' id='word_1_261' title='bbox 1258 1617 1335 1653; x_wconf 89' lang='lat' dir='ltr'><strong>post</strong></span> <span class='ocrx_word' id='word_1_262' title='bbox 1365 1617 1435 1644; x_wconf 88' lang='lat' dir='ltr'><strong>tres</strong></span> <span class='ocrx_word' id='word_1_263' title='bbox 1458 1613 1548 1650; x_wconf 88' lang='lat' dir='ltr'><strong>dies;</strong></span> <span class='ocrx_word' id='word_1_264' title='bbox 1556 1618 1608 1646; x_wconf 90' lang='grc'><strong>01</strong></span> <span class='ocrx_word' id='word_1_265' title='bbox 1632 1613 1726 1646; x_wconf 90' lang='lat' dir='ltr'><strong>dicta</strong></span> <span class='ocrx_word' id='word_1_266' title='bbox 1749 1613 1792 1646; x_wconf 89' lang='lat' dir='ltr'><strong>de</strong></span> <span class='ocrx_word' id='word_1_267' title='bbox 1824 1624 1927 1646; x_wconf 86' lang='lat' dir='ltr'><strong>causa</strong></span> 
     </span>
     <span class='ocr_line' id='line_1_27' title="bbox 79 1663 1796 1707; baseline 0.002 -12"><span class='ocrx_word' id='word_1_268' title='bbox 79 1663 264 1695; x_wconf 89' lang='lat' dir='ltr'><strong>duodecim</strong></span> <span class='ocrx_word' id='word_1_269' title='bbox 289 1664 382 1696; x_wconf 79' lang='lat' dir='ltr'><strong>cives</strong></span> <span class='ocrx_word' id='word_1_270' title='bbox 406 1664 450 1696; x_wconf 89' lang='lat' dir='ltr'><strong>de</strong></span> <span class='ocrx_word' id='word_1_271' title='bbox 473 1664 671 1696; x_wconf 87' lang='lat' dir='ltr'><strong>melioribus</strong></span> <span class='ocrx_word' id='word_1_272' title='bbox 693 1664 868 1707; x_wconf 85' lang='lat' dir='ltr'><strong>utriusque</strong></span> <span class='ocrx_word' id='word_1_273' title='bbox 892 1665 999 1706; x_wconf 88' lang='lat' dir='ltr'><strong>partis</strong></span> <span class='ocrx_word' id='word_1_274' title='bbox 1022 1664 1162 1697; x_wconf 83' lang='lat' dir='ltr'><strong>fuerunt</strong></span> <span class='ocrx_word' id='word_1_275' title='bbox 1187 1665 1351 1697; x_wconf 89' lang='lat' dir='ltr'><strong>confinati</strong></span> <span class='ocrx_word' id='word_1_276' title='bbox 1375 1671 1410 1697; x_wconf 91' lang='lat' dir='ltr'><strong>et</strong></span> <span class='ocrx_word' id='word_1_277' title='bbox 1432 1665 1526 1697; x_wconf 88' lang='lat' dir='ltr'><strong>missi</strong></span> <span class='ocrx_word' id='word_1_278' title='bbox 1548 1665 1796 1699; x_wconf 87' lang='lat' dir='ltr'><strong>Mediolanum.</strong></span> 
     </span>
     <span class='ocr_line' id='line_1_28' title="bbox 165 1715 1914 1763; baseline 0.003 -15"><span class='ocrx_word' id='word_1_279' title='bbox 165 1716 423 1763; x_wconf 82' lang='lat' dir='ltr'><strong>M.CCXLIIII.</strong></span> <span class='ocrx_word' id='word_1_280' title='bbox 449 1735 490 1740; x_wconf 83' lang='lat'>—</span> <span class='ocrx_word' id='word_1_281' title='bbox 513 1717 681 1749; x_wconf 87' lang='lat' dir='ltr'><strong>Dominus</strong></span> <span class='ocrx_word' id='word_1_282' title='bbox 703 1715 880 1749; x_wconf 89' lang='lat' dir='ltr'><strong>Arduinus</strong></span> <span class='ocrx_word' id='word_1_283' title='bbox 904 1717 1170 1750; x_wconf 78' lang='lat' dir='ltr'><strong>Confalonerius</strong></span> <span class='ocrx_word' id='word_1_284' title='bbox 1195 1718 1238 1750; x_wconf 90' lang='lat' dir='ltr'><strong>de</strong></span> <span class='ocrx_word' id='word_1_285' title='bbox 1262 1717 1444 1750; x_wconf 88' lang='lat' dir='ltr'><strong>Placentia</strong></span> <span class='ocrx_word' id='word_1_286' title='bbox 1466 1718 1533 1751; x_wconf 87' lang='lat' dir='ltr'><strong>fuit</strong></span> <span class='ocrx_word' id='word_1_287' title='bbox 1555 1725 1705 1761; x_wconf 87' lang='lat' dir='ltr'><strong>potestas</strong></span> <span class='ocrx_word' id='word_1_288' title='bbox 1726 1719 1914 1753; x_wconf 90' lang='lat' dir='ltr'><strong>Bononiae.</strong></span> 
     </span>
     <span class='ocr_line' id='line_1_29' title="bbox 165 1769 1923 1814; baseline 0.003 -13"><span class='ocrx_word' id='word_1_289' title='bbox 165 1769 299 1802; x_wconf 90' lang='lat' dir='ltr'><strong>Eodem</strong></span> <span class='ocrx_word' id='word_1_290' title='bbox 322 1780 423 1802; x_wconf 87' lang='lat' dir='ltr'><strong>anno.</strong></span> <span class='ocrx_word' id='word_1_291' title='bbox 447 1788 489 1793; x_wconf 80' lang='lat'>—</span> <span class='ocrx_word' id='word_1_292' title='bbox 513 1770 700 1814; x_wconf 85' lang='lat' dir='ltr'><strong>Regimina</strong></span> <span class='ocrx_word' id='word_1_293' title='bbox 722 1770 878 1802; x_wconf 87' lang='lat' dir='ltr'><strong>comunis</strong></span> <span class='ocrx_word' id='word_1_294' title='bbox 908 1770 1085 1803; x_wconf 90' lang='lat' dir='ltr'><strong>Bononiae</strong></span> <span class='ocrx_word' id='word_1_295' title='bbox 1117 1771 1278 1803; x_wconf 82' lang='lat' dir='ltr'><strong>fecerunt</strong></span> <span class='ocrx_word' id='word_1_296' title='bbox 1310 1771 1383 1803; x_wconf 88' lang='lat' dir='ltr'><strong>fieri</strong></span> <span class='ocrx_word' id='word_1_297' title='bbox 1414 1772 1537 1804; x_wconf 87' lang='lat' dir='ltr'><strong>multas</strong></span> <span class='ocrx_word' id='word_1_298' title='bbox 1567 1783 1672 1814; x_wconf 86' lang='lat' dir='ltr'><strong>paces</strong></span> <span class='ocrx_word' id='word_1_299' title='bbox 1698 1773 1788 1805; x_wconf 87' lang='lat' dir='ltr'><strong>inter</strong></span> <span class='ocrx_word' id='word_1_300' title='bbox 1819 1774 1923 1812; x_wconf 93' lang='lat' dir='ltr'><strong>cives,</strong></span> 
     </span>
     <span class='ocr_line' id='line_1_30' title="bbox 77 1822 1925 1865; baseline 0.003 -12"><span class='ocrx_word' id='word_1_301' title='bbox 77 1822 167 1855; x_wconf 87' lang='lat' dir='ltr'><strong>inter</strong></span> <span class='ocrx_word' id='word_1_302' title='bbox 190 1831 275 1865; x_wconf 89' lang='lat' dir='ltr'><strong>quas</strong></span> <span class='ocrx_word' id='word_1_303' title='bbox 297 1822 458 1856; x_wconf 83' lang='grc'>1000111111</span> <span class='ocrx_word' id='word_1_304' title='bbox 480 1822 555 1855; x_wconf 90' lang='lat' dir='ltr'><strong>fieri</strong></span> <span class='ocrx_word' id='word_1_305' title='bbox 577 1833 702 1865; x_wconf 88' lang='lat' dir='ltr'><strong>pacem</strong></span> <span class='ocrx_word' id='word_1_306' title='bbox 725 1824 816 1856; x_wconf 89' lang='lat' dir='ltr'><strong>inter</strong></span> <span class='ocrx_word' id='word_1_307' title='bbox 837 1823 991 1855; x_wconf 87' lang='lat' dir='ltr'><strong>Dalfinos</strong></span> <span class='ocrx_word' id='word_1_308' title='bbox 1015 1829 1050 1856; x_wconf 93' lang='lat' dir='ltr'><strong>et</strong></span> <span class='ocrx_word' id='word_1_309' title='bbox 1071 1823 1299 1862; x_wconf 87' lang='lat' dir='ltr'><strong>Malatachos‚</strong></span> <span class='ocrx_word' id='word_1_310' title='bbox 1323 1824 1414 1856; x_wconf 82' lang='lat' dir='ltr'><strong>inter</strong></span> <span class='ocrx_word' id='word_1_311' title='bbox 1436 1824 1595 1857; x_wconf 91' lang='lat' dir='ltr'><strong>Torellos</strong></span> <span class='ocrx_word' id='word_1_312' title='bbox 1619 1831 1666 1858; x_wconf 87' lang='grc'><strong>01</strong></span> <span class='ocrx_word' id='word_1_313' title='bbox 1676 1826 1752 1858; x_wconf 90' lang='lat' dir='ltr'><strong>illos</strong></span> <span class='ocrx_word' id='word_1_314' title='bbox 1776 1826 1820 1858; x_wconf 91' lang='lat' dir='ltr'><strong>de</strong></span> <span class='ocrx_word' id='word_1_315' title='bbox 1850 1825 1925 1859; x_wconf 92' lang='lat' dir='ltr'><strong>An-</strong></span> 
     </span>
     <span class='ocr_line' id='line_1_31' title="bbox 6 1874 1926 1918; baseline 0.003 -11.016"><span class='ocrx_word' id='word_1_316' title='bbox 6 1875 55 1907; x_wconf 85' lang='grc'><strong>30</strong></span> <span class='ocrx_word' id='word_1_317' title='bbox 79 1874 169 1914; x_wconf 82' lang='grc' dir='ltr'>(131ὸ,</span> <span class='ocrx_word' id='word_1_318' title='bbox 199 1876 289 1908; x_wconf 86' lang='lat' dir='ltr'><strong>inter</strong></span> <span class='ocrx_word' id='word_1_319' title='bbox 319 1875 495 1908; x_wconf 76' lang='lat' dir='ltr'><strong>Grifiones</strong></span> <span class='ocrx_word' id='word_1_320' title='bbox 526 1882 561 1908; x_wconf 90' lang='lat' dir='ltr'><strong>et</strong></span> <span class='ocrx_word' id='word_1_321' title='bbox 587 1876 786 1918; x_wconf 86' lang='lat' dir='ltr'><strong>praedictos</strong></span> <span class='ocrx_word' id='word_1_322' title='bbox 817 1877 861 1908; x_wconf 91' lang='lat' dir='ltr'><strong>de</strong></span> <span class='ocrx_word' id='word_1_323' title='bbox 891 1875 1043 1915; x_wconf 76' lang='lat' dir='ltr'><strong>Andalo,</strong></span> <span class='ocrx_word' id='word_1_324' title='bbox 1073 1877 1164 1909; x_wconf 93' lang='lat' dir='ltr'><strong>inter</strong></span> <span class='ocrx_word' id='word_1_325' title='bbox 1193 1875 1377 1909; x_wconf 86' lang='lat' dir='ltr'><strong>Artinisios</strong></span> <span class='ocrx_word' id='word_1_326' title='bbox 1408 1883 1442 1910; x_wconf 90' lang='lat' dir='ltr'><strong>et</strong></span> <span class='ocrx_word' id='word_1_327' title='bbox 1473 1878 1550 1910; x_wconf 90' lang='lat' dir='ltr'><strong>illos</strong></span> <span class='ocrx_word' id='word_1_328' title='bbox 1583 1878 1626 1910; x_wconf 93' lang='lat' dir='ltr'><strong>de</strong></span> <span class='ocrx_word' id='word_1_329' title='bbox 1657 1885 1768 1911; x_wconf 86' lang='lat' dir='ltr'><strong>castro</strong></span> <span class='ocrx_word' id='word_1_330' title='bbox 1798 1879 1926 1912; x_wconf 86' lang='lat' dir='ltr'><strong>Britto-</strong></span> 
     </span>
     <span class='ocr_line' id='line_1_32' title="bbox 77 1927 1924 1974; baseline 0.002 -14"><span class='ocrx_word' id='word_1_331' title='bbox 77 1927 189 1967; x_wconf 90' lang='lat' dir='ltr'><strong>num&#39;,</strong></span> <span class='ocrx_word' id='word_1_332' title='bbox 212 1929 302 1961; x_wconf 88' lang='lat' dir='ltr'><strong>inter</strong></span> <span class='ocrx_word' id='word_1_333' title='bbox 318 1928 495 1961; x_wconf 88' lang='lat' dir='ltr'><strong>Gallucios</strong></span> <span class='ocrx_word' id='word_1_334' title='bbox 517 1934 553 1962; x_wconf 88' lang='lat' dir='ltr'><strong>et</strong></span> <span class='ocrx_word' id='word_1_335' title='bbox 575 1928 815 1962; x_wconf 87' lang='lat' dir='ltr'><strong>Carbonenses</strong></span> <span class='ocrx_word' id='word_1_336' title='bbox 831 1935 865 1962; x_wconf 91' lang='lat' dir='ltr'><strong>et</strong></span> <span class='ocrx_word' id='word_1_337' title='bbox 888 1930 978 1962; x_wconf 86' lang='lat' dir='ltr'><strong>inter</strong></span> <span class='ocrx_word' id='word_1_338' title='bbox 1001 1930 1222 1972; x_wconf 91' lang='lat' dir='ltr'><strong>quamplures</strong></span> <span class='ocrx_word' id='word_1_339' title='bbox 1237 1930 1332 1969; x_wconf 87' lang='lat' dir='ltr'><strong>alios,</strong></span> <span class='ocrx_word' id='word_1_340' title='bbox 1349 1936 1384 1963; x_wconf 90' lang='lat' dir='ltr'><strong>et</strong></span> <span class='ocrx_word' id='word_1_341' title='bbox 1406 1930 1566 1963; x_wconf 78' lang='lat' dir='ltr'><strong>fecerunt</strong></span> <span class='ocrx_word' id='word_1_342' title='bbox 1589 1931 1712 1964; x_wconf 87' lang='lat' dir='ltr'><strong>multas</strong></span> <span class='ocrx_word' id='word_1_343' title='bbox 1731 1933 1924 1974; x_wconf 86' lang='lat' dir='ltr'><strong>parentelas</strong></span> 
     </span>
     <span class='ocr_line' id='line_1_33' title="bbox 0 1981 190 2027; baseline 0 -14"><span class='ocrx_word' id='word_1_344' title='bbox 0 2020 5 2027; x_wconf 91' lang='lat'><strong>.</strong></span> <span class='ocrx_word' id='word_1_345' title='bbox 79 1981 190 2013; x_wconf 82' lang='lat' dir='ltr'><strong>simul.</strong></span> 
     </span>
     <span class='ocr_line' id='line_1_34' title="bbox 0 2028 1918 2080; baseline 0.002 -13"><span class='ocrx_word' id='word_1_346' title='bbox 0 2028 10 2080; x_wconf 71' lang='lat'><strong>3}</strong></span> <span class='ocrx_word' id='word_1_347' title='bbox 164 2034 387 2074; x_wconf 76' lang='lat' dir='ltr'><strong>M.CCXLV.</strong></span> <span class='ocrx_word' id='word_1_348' title='bbox 412 2054 454 2058; x_wconf 90' lang='lat'><strong>—</strong></span> <span class='ocrx_word' id='word_1_349' title='bbox 477 2035 667 2068; x_wconf 90' lang='lat' dir='ltr'><strong>Federicus</strong></span> <span class='ocrx_word' id='word_1_350' title='bbox 701 2036 888 2079; x_wconf 84' lang='lat' dir='ltr'><strong>imperator</strong></span> <span class='ocrx_word' id='word_1_351' title='bbox 918 2036 985 2069; x_wconf 86' lang='grc'>11111</span> <span class='ocrx_word' id='word_1_352' title='bbox 1016 2036 1191 2078; x_wconf 86' lang='lat' dir='ltr'><strong>depositus</strong></span> <span class='ocrx_word' id='word_1_353' title='bbox 1221 2047 1284 2079; x_wconf 91' lang='lat' dir='ltr'><strong>per</strong></span> <span class='ocrx_word' id='word_1_354' title='bbox 1315 2037 1491 2069; x_wconf 90' lang='lat' dir='ltr'><strong>dominum</strong></span> <span class='ocrx_word' id='word_1_355' title='bbox 1524 2048 1649 2080; x_wconf 88' lang='lat' dir='ltr'><strong>papam</strong></span> <span class='ocrx_word' id='word_1_356' title='bbox 1678 2038 1918 2071; x_wconf 89' lang='lat' dir='ltr'><strong>Innocentium</strong></span> 
     </span>
     <span class='ocr_line' id='line_1_35' title="bbox 0 2090 249 2130; baseline 0 -10"><span class='ocrx_word' id='word_1_357' title='bbox 0 2090 4 2093; x_wconf 32' lang='grc'>&gt;</span> <span class='ocrx_word' id='word_1_358' title='bbox 80 2093 249 2130; x_wconf 88' lang='lat' dir='ltr'><strong>quartum.</strong></span> 
     </span>
    </p>
   </div>
   <div class='ocr_carea' id='block_1_5' title="bbox 0 2095 13 2135">
    <p class='ocr_par' dir='ltr' id='par_1_7' title="bbox 0 2095 13 2135">
     <span class='ocr_line' id='line_1_36' title="bbox 0 2095 13 2135; baseline 0 -20"><span class='ocrx_word' id='word_1_359' title='bbox 0 2095 13 2135; x_wconf 51' lang='grc' dir='ltr'><strong>,ἓ</strong></span> 
     </span>
    </p>
   </div>
   <div class='ocr_carea' id='block_1_6' title="bbox 0 2135 1924 2397">
    <p class='ocr_par' dir='ltr' id='par_1_8' title="bbox 0 2135 1922 2238">
     <span class='ocr_line' id='line_1_37' title="bbox 0 2135 1922 2187; baseline 0.002 -14"><span class='ocrx_word' id='word_1_360' title='bbox 0 2135 55 2187; x_wconf 57' lang='lat'><strong>{35</strong></span> <span class='ocrx_word' id='word_1_361' title='bbox 168 2141 301 2174; x_wconf 92' lang='lat' dir='ltr'><strong>Eodem</strong></span> <span class='ocrx_word' id='word_1_362' title='bbox 324 2152 426 2175; x_wconf 91' lang='lat' dir='ltr'><strong>anno.</strong></span> <span class='ocrx_word' id='word_1_363' title='bbox 450 2161 491 2165; x_wconf 88' lang='lat'><strong>—</strong></span> <span class='ocrx_word' id='word_1_364' title='bbox 515 2142 600 2175; x_wconf 82' lang='lat' dir='ltr'><strong>Pars</strong></span> <span class='ocrx_word' id='word_1_365' title='bbox 623 2142 829 2175; x_wconf 77' lang='lat' dir='ltr'><strong>Guelforum</strong></span> <span class='ocrx_word' id='word_1_366' title='bbox 853 2143 897 2175; x_wconf 92' lang='lat' dir='ltr'><strong>de</strong></span> <span class='ocrx_word' id='word_1_367' title='bbox 933 2143 1073 2176; x_wconf 89' lang='lat' dir='ltr'><strong>civitate</strong></span> <span class='ocrx_word' id='word_1_368' title='bbox 1105 2143 1302 2176; x_wconf 89' lang='lat' dir='ltr'><strong>Florentiae</strong></span> <span class='ocrx_word' id='word_1_369' title='bbox 1338 2143 1403 2176; x_wconf 86' lang='lat' dir='ltr'><strong>fuit</strong></span> <span class='ocrx_word' id='word_1_370' title='bbox 1438 2144 1579 2186; x_wconf 88' lang='lat' dir='ltr'><strong>expulsa</strong></span> <span class='ocrx_word' id='word_1_371' title='bbox 1621 2150 1656 2177; x_wconf 87' lang='lat' dir='ltr'><strong>et</strong></span> <span class='ocrx_word' id='word_1_372' title='bbox 1690 2151 1773 2177; x_wconf 91' lang='lat' dir='ltr'><strong>tunc</strong></span> <span class='ocrx_word' id='word_1_373' title='bbox 1810 2145 1922 2177; x_wconf 89' lang='lat' dir='ltr'><strong>dictus</strong></span> 
     </span>
     <span class='ocr_line' id='line_1_38' title="bbox 0 2185 980 2238; baseline 0.004 -14"><span class='ocrx_word' id='word_1_374' title='bbox 0 2185 7 2229; x_wconf 64' lang='grc' dir='ltr'><em>ζ</em></span> <span class='ocrx_word' id='word_1_375' title='bbox 79 2193 265 2236; x_wconf 82' lang='lat' dir='ltr'><strong>imperator</strong></span> <span class='ocrx_word' id='word_1_376' title='bbox 287 2195 477 2227; x_wconf 88' lang='lat' dir='ltr'><strong>Federicus</strong></span> <span class='ocrx_word' id='word_1_377' title='bbox 499 2196 638 2228; x_wconf 89' lang='lat' dir='ltr'><strong>intravit</strong></span> <span class='ocrx_word' id='word_1_378' title='bbox 660 2196 770 2238; x_wconf 88' lang='lat' dir='ltr'><strong>ipsam</strong></span> <span class='ocrx_word' id='word_1_379' title='bbox 795 2196 980 2229; x_wconf 85' lang='lat' dir='ltr'><strong>civitatem.</strong></span> 
     </span>
    </p>

    <p class='ocr_par' dir='ltr' id='par_1_9' title="bbox 0 2233 1922 2358">
     <span class='ocr_line' id='line_1_39' title="bbox 0 2233 1922 2291; baseline 0.003 -13"><span class='ocrx_word' id='word_1_380' title='bbox 0 2233 6 2269; x_wconf 47' lang='grc' dir='ltr'><strong>εἰ</strong></span> <span class='ocrx_word' id='word_1_381' title='bbox 110 2238 118 2243; x_wconf 55' lang='grc'><strong>’</strong></span> <span class='ocrx_word' id='word_1_382' title='bbox 167 2247 300 2279; x_wconf 89' lang='lat' dir='ltr'><strong>Eodem</strong></span> <span class='ocrx_word' id='word_1_383' title='bbox 323 2258 425 2280; x_wconf 87' lang='lat' dir='ltr'><strong>anno.</strong></span> <span class='ocrx_word' id='word_1_384' title='bbox 450 2267 492 2272; x_wconf 84' lang='lat'><strong>—</strong></span> <span class='ocrx_word' id='word_1_385' title='bbox 514 2249 637 2282; x_wconf 81' lang='lat' dir='ltr'><strong>Dictus</strong></span> <span class='ocrx_word' id='word_1_386' title='bbox 659 2249 851 2282; x_wconf 88' lang='lat' dir='ltr'><strong>Federicus</strong></span> <span class='ocrx_word' id='word_1_387' title='bbox 873 2249 1060 2291; x_wconf 87' lang='lat' dir='ltr'><strong>imperator</strong></span> <span class='ocrx_word' id='word_1_388' title='bbox 1083 2250 1170 2282; x_wconf 84' lang='grc'>10011</span> <span class='ocrx_word' id='word_1_389' title='bbox 1187 2250 1375 2282; x_wconf 87' lang='lat' dir='ltr'><strong>exercitum</strong></span> <span class='ocrx_word' id='word_1_390' title='bbox 1394 2256 1514 2282; x_wconf 87' lang='lat' dir='ltr'><strong>contra</strong></span> <span class='ocrx_word' id='word_1_391' title='bbox 1530 2251 1704 2283; x_wconf 89' lang='lat' dir='ltr'><strong>civitatem</strong></span> <span class='ocrx_word' id='word_1_392' title='bbox 1719 2251 1922 2284; x_wconf 87' lang='lat' dir='ltr'><strong>Mediolani.</strong></span> 
     </span>
     <span class='ocr_line' id='line_1_40' title="bbox 0 2292 1813 2358; baseline 0.003 -27"><span class='ocrx_word' id='word_1_393' title='bbox 0 2292 9 2358; x_wconf 64' lang='grc' dir='ltr'>Ξ</span> <span class='ocrx_word' id='word_1_394' title='bbox 167 2299 299 2332; x_wconf 89' lang='lat' dir='ltr'><strong>Eodem</strong></span> <span class='ocrx_word' id='word_1_395' title='bbox 322 2311 424 2334; x_wconf 86' lang='lat' dir='ltr'><strong>anno.</strong></span> <span class='ocrx_word' id='word_1_396' title='bbox 449 2319 490 2324; x_wconf 88' lang='lat'><strong>——</strong></span> <span class='ocrx_word' id='word_1_397' title='bbox 513 2301 681 2334; x_wconf 85' lang='lat' dir='ltr'><strong>Dominus</strong></span> <span class='ocrx_word' id='word_1_398' title='bbox 704 2302 861 2344; x_wconf 78' lang='lat' dir='ltr'><strong>Filippus</strong></span> <span class='ocrx_word' id='word_1_399' title='bbox 885 2302 928 2334; x_wconf 91' lang='lat' dir='ltr'><strong>de</strong></span> <span class='ocrx_word' id='word_1_400' title='bbox 952 2302 1134 2346; x_wconf 89' lang='lat' dir='ltr'><strong>Ugonibus</strong></span> <span class='ocrx_word' id='word_1_401' title='bbox 1158 2303 1201 2335; x_wconf 89' lang='lat' dir='ltr'><strong>de</strong></span> <span class='ocrx_word' id='word_1_402' title='bbox 1225 2303 1341 2335; x_wconf 85' lang='lat' dir='ltr'><strong>Brixia</strong></span> <span class='ocrx_word' id='word_1_403' title='bbox 1364 2303 1431 2335; x_wconf 78' lang='lat' dir='ltr'><strong>fuit</strong></span> <span class='ocrx_word' id='word_1_404' title='bbox 1453 2309 1603 2344; x_wconf 87' lang='lat' dir='ltr'><strong>potestas</strong></span> <span class='ocrx_word' id='word_1_405' title='bbox 1625 2304 1813 2336; x_wconf 89' lang='lat' dir='ltr'><strong>Bononiae.</strong></span> 
     </span>
    </p>

    <p class='ocr_par' dir='ltr' id='par_1_10' title="bbox 0 2353 1924 2397">
     <span class='ocr_line' id='line_1_41' title="bbox 0 2353 1924 2397; baseline 0.003 -12"><span class='ocrx_word' id='word_1_406' title='bbox 0 2360 7 2389; x_wconf 64' lang='lat' dir='ltr'>k</span> <span class='ocrx_word' id='word_1_407' title='bbox 167 2353 300 2386; x_wconf 89' lang='lat' dir='ltr'><strong>Eodem</strong></span> <span class='ocrx_word' id='word_1_408' title='bbox 323 2364 425 2387; x_wconf 88' lang='lat' dir='ltr'><strong>anno.</strong></span> <span class='ocrx_word' id='word_1_409' title='bbox 449 2355 704 2397; x_wconf 82' lang='lat' dir='ltr'><strong>—Imperator</strong></span> <span class='ocrx_word' id='word_1_410' title='bbox 727 2356 916 2388; x_wconf 89' lang='lat' dir='ltr'><strong>Federicus</strong></span> <span class='ocrx_word' id='word_1_411' title='bbox 939 2356 1047 2388; x_wconf 92' lang='lat' dir='ltr'><strong>voluit</strong></span> <span class='ocrx_word' id='word_1_412' title='bbox 1071 2366 1196 2397; x_wconf 89' lang='lat' dir='ltr'><strong>capere</strong></span> <span class='ocrx_word' id='word_1_413' title='bbox 1220 2355 1370 2388; x_wconf 85' lang='lat' dir='ltr'><strong>Brixiam</strong></span> <span class='ocrx_word' id='word_1_414' title='bbox 1401 2362 1436 2388; x_wconf 89' lang='lat' dir='ltr'><strong>et</strong></span> <span class='ocrx_word' id='word_1_415' title='bbox 1464 2357 1635 2389; x_wconf 89' lang='lat' dir='ltr'><strong>simulavit</strong></span> <span class='ocrx_word' id='word_1_416' title='bbox 1665 2358 1754 2390; x_wconf 91' lang='lat' dir='ltr'><strong>velle</strong></span> <span class='ocrx_word' id='word_1_417' title='bbox 1778 2358 1827 2390; x_wconf 89' lang='lat' dir='ltr'><strong>ire</strong></span> <span class='ocrx_word' id='word_1_418' title='bbox 1852 2358 1924 2390; x_wconf 91' lang='lat' dir='ltr'><strong>Ve-</strong></span> 
     </span>
    </p>
   </div>
   <div class='ocr_carea' id='block_1_7' title="bbox 11 2405 1924 2453">
    <p class='ocr_par' dir='ltr' id='par_1_11' title="bbox 11 2405 1924 2453">
     <span class='ocr_line' id='line_1_42' title="bbox 11 2405 1924 2453; baseline 0.003 -15"><span class='ocrx_word' id='word_1_419' title='bbox 11 2405 57 2438; x_wconf 67' lang='lat'><strong>40</strong></span> <span class='ocrx_word' id='word_1_420' title='bbox 80 2416 199 2438; x_wconf 89' lang='lat' dir='ltr'><strong>ronam</strong></span> <span class='ocrx_word' id='word_1_421' title='bbox 221 2417 286 2449; x_wconf 88' lang='lat' dir='ltr'><strong>pro</strong></span> <span class='ocrx_word' id='word_1_422' title='bbox 310 2407 471 2440; x_wconf 91' lang='lat' dir='ltr'><strong>ducenda</strong></span> <span class='ocrx_word' id='word_1_423' title='bbox 493 2418 607 2440; x_wconf 91' lang='lat' dir='ltr'><strong>sorore</strong></span> <span class='ocrx_word' id='word_1_424' title='bbox 632 2408 730 2441; x_wconf 90' lang='lat' dir='ltr'><strong>ducis</strong></span> <span class='ocrx_word' id='word_1_425' title='bbox 752 2407 912 2441; x_wconf 86' lang='lat' dir='ltr'><strong>Austriae</strong></span> <span class='ocrx_word' id='word_1_426' title='bbox 937 2409 973 2440; x_wconf 90' lang='lat' dir='ltr'><strong>in</strong></span> <span class='ocrx_word' id='word_1_427' title='bbox 997 2419 1139 2441; x_wconf 90' lang='lat' dir='ltr'><strong>uxorem</strong></span> <span class='ocrx_word' id='word_1_428' title='bbox 1170 2415 1204 2441; x_wconf 89' lang='lat' dir='ltr'><strong>et</strong></span> <span class='ocrx_word' id='word_1_429' title='bbox 1235 2415 1317 2441; x_wconf 89' lang='lat' dir='ltr'><strong>tunc</strong></span> <span class='ocrx_word' id='word_1_430' title='bbox 1349 2420 1429 2451; x_wconf 88' lang='lat' dir='ltr'><strong>pars</strong></span> <span class='ocrx_word' id='word_1_431' title='bbox 1451 2410 1588 2442; x_wconf 84' lang='lat' dir='ltr'><strong>Brixiae</strong></span> <span class='ocrx_word' id='word_1_432' title='bbox 1620 2410 1687 2442; x_wconf 77' lang='lat' dir='ltr'><strong>fuit</strong></span> <span class='ocrx_word' id='word_1_433' title='bbox 1718 2411 1858 2453; x_wconf 63' lang='lat' dir='ltr'><strong>expulsa</strong></span> <span class='ocrx_word' id='word_1_434' title='bbox 1889 2417 1924 2443; x_wconf 89' lang='lat' dir='ltr'><strong>et</strong></span> 
     </span>
    </p>
   </div>
   <div class='ocr_carea' id='block_1_8' title="bbox 0 2448 1797 2505">
    <p class='ocr_par' dir='ltr' id='par_1_12' title="bbox 0 2448 1797 2505">
     <span class='ocr_line' id='line_1_43' title="bbox 0 2448 1797 2505; baseline 0.003 -14"><span class='ocrx_word' id='word_1_435' title='bbox 0 2448 11 2498; x_wconf 62' lang='lat'><strong>{³</strong></span> <span class='ocrx_word' id='word_1_436' title='bbox 79 2460 175 2492; x_wconf 89' lang='lat' dir='ltr'><strong>venit</strong></span> <span class='ocrx_word' id='word_1_437' title='bbox 196 2459 397 2492; x_wconf 89' lang='lat' dir='ltr'><strong>Bononiam.</strong></span> <span class='ocrx_word' id='word_1_438' title='bbox 443 2461 488 2493; x_wconf 87' lang='lat' dir='ltr'><strong>Et</strong></span> <span class='ocrx_word' id='word_1_439' title='bbox 511 2461 681 2505; x_wconf 88' lang='lat' dir='ltr'><strong>assignata</strong></span> <span class='ocrx_word' id='word_1_440' title='bbox 705 2462 846 2494; x_wconf 80' lang='lat' dir='ltr'><strong>fuerunt</strong></span> <span class='ocrx_word' id='word_1_441' title='bbox 870 2462 918 2494; x_wconf 88' lang='lat' dir='ltr'><strong>eis</strong></span> <span class='ocrx_word' id='word_1_442' title='bbox 942 2462 1141 2494; x_wconf 85' lang='lat' dir='ltr'><strong>molendina</strong></span> <span class='ocrx_word' id='word_1_443' title='bbox 1165 2462 1208 2494; x_wconf 93' lang='lat' dir='ltr'><strong>de</strong></span> <span class='ocrx_word' id='word_1_444' title='bbox 1232 2462 1377 2495; x_wconf 90' lang='lat' dir='ltr'><strong>Tuvatis</strong></span> <span class='ocrx_word' id='word_1_445' title='bbox 1399 2473 1462 2504; x_wconf 88' lang='lat' dir='ltr'><strong>pro</strong></span> <span class='ocrx_word' id='word_1_446' title='bbox 1486 2473 1604 2495; x_wconf 88' lang='lat' dir='ltr'><strong>eorum</strong></span> <span class='ocrx_word' id='word_1_447' title='bbox 1628 2464 1797 2505; x_wconf 71' lang='lat' dir='ltr'><strong>expensis.</strong></span> 
     </span>
    </p>
   </div>
   <div class='ocr_carea' id='block_1_9' title="bbox 0 2512 1922 2879">
    <p class='ocr_par' dir='ltr' id='par_1_13' title="bbox 0 2512 1922 2879">
     <span class='ocr_line' id='line_1_44' title="bbox 0 2512 1548 2554; baseline 0.002 -10"><span class='ocrx_word' id='word_1_448' title='bbox 0 2550 8 2554; x_wconf 49' lang='lat'><strong>..</strong></span> <span class='ocrx_word' id='word_1_449' title='bbox 167 2512 380 2546; x_wconf 90' lang='lat' dir='ltr'><strong>M.CCXLV</strong></span> <span class='ocrx_word' id='word_1_450' title='bbox 383 2514 408 2546; x_wconf 95' lang='grc' dir='ltr'>Ι.</span> <span class='ocrx_word' id='word_1_451' title='bbox 433 2532 474 2536; x_wconf 85' lang='lat'><strong>——</strong></span> <span class='ocrx_word' id='word_1_452' title='bbox 498 2513 675 2547; x_wconf 88' lang='lat' dir='ltr'><strong>Palacium</strong></span> <span class='ocrx_word' id='word_1_453' title='bbox 698 2525 825 2547; x_wconf 89' lang='lat' dir='ltr'><strong>novum</strong></span> <span class='ocrx_word' id='word_1_454' title='bbox 849 2516 1004 2547; x_wconf 87' lang='lat' dir='ltr'><strong>comunis</strong></span> <span class='ocrx_word' id='word_1_455' title='bbox 1026 2515 1203 2547; x_wconf 88' lang='lat' dir='ltr'><strong>Bononiae</strong></span> <span class='ocrx_word' id='word_1_456' title='bbox 1219 2515 1286 2547; x_wconf 77' lang='lat' dir='ltr'><strong>fuit</strong></span> <span class='ocrx_word' id='word_1_457' title='bbox 1303 2521 1548 2548; x_wconf 88' lang='lat' dir='ltr'><strong>constructum.</strong></span> 
     </span>
     <span class='ocr_line' id='line_1_45' title="bbox 0 2565 1710 2613; baseline 0.002 -15"><span class='ocrx_word' id='word_1_458' title='bbox 0 2569 12 2613; x_wconf 59' lang='grc' dir='ltr'>ξ</span> <span class='ocrx_word' id='word_1_459' title='bbox 168 2565 300 2598; x_wconf 88' lang='lat' dir='ltr'><strong>Eodem</strong></span> <span class='ocrx_word' id='word_1_460' title='bbox 323 2577 424 2599; x_wconf 86' lang='lat' dir='ltr'><strong>anno.</strong></span> <span class='ocrx_word' id='word_1_461' title='bbox 449 2585 490 2590; x_wconf 82' lang='lat'>—</span> <span class='ocrx_word' id='word_1_462' title='bbox 514 2567 672 2600; x_wconf 88' lang='lat' dir='ltr'><strong>Perusini</strong></span> <span class='ocrx_word' id='word_1_463' title='bbox 696 2568 849 2600; x_wconf 84' lang='lat' dir='ltr'><strong>conflicti</strong></span> <span class='ocrx_word' id='word_1_464' title='bbox 872 2568 1012 2600; x_wconf 78' lang='lat' dir='ltr'><strong>fuerunt</strong></span> <span class='ocrx_word' id='word_1_465' title='bbox 1034 2579 1055 2600; x_wconf 93' lang='lat' dir='ltr'><strong>a</strong></span> <span class='ocrx_word' id='word_1_466' title='bbox 1078 2568 1173 2600; x_wconf 90' lang='lat' dir='ltr'><strong>dicto</strong></span> <span class='ocrx_word' id='word_1_467' title='bbox 1196 2568 1225 2600; x_wconf 93' lang='lat' dir='ltr'><strong>F</strong></span> <span class='ocrx_word' id='word_1_468' title='bbox 1227 2568 1367 2600; x_wconf 89' lang='lat' dir='ltr'><strong>ederico</strong></span> <span class='ocrx_word' id='word_1_469' title='bbox 1390 2569 1472 2600; x_wconf 90' lang='lat' dir='ltr'><strong>olim</strong></span> <span class='ocrx_word' id='word_1_470' title='bbox 1495 2568 1710 2611; x_wconf 88' lang='lat' dir='ltr'><strong>imperatore.</strong></span> 
     </span>
     <span class='ocr_line' id='line_1_46' title="bbox 0 2613 1337 2665; baseline 0.003 -15"><span class='ocrx_word' id='word_1_471' title='bbox 0 2613 2 2622; x_wconf 65' lang='lat'>⁵</span> <span class='ocrx_word' id='word_1_472' title='bbox 169 2619 301 2652; x_wconf 91' lang='lat' dir='ltr'><strong>Eodem</strong></span> <span class='ocrx_word' id='word_1_473' title='bbox 324 2630 426 2653; x_wconf 86' lang='lat' dir='ltr'><strong>annO.</strong></span> <span class='ocrx_word' id='word_1_474' title='bbox 450 2639 492 2643; x_wconf 93' lang='lat'><strong>—-</strong></span> <span class='ocrx_word' id='word_1_475' title='bbox 516 2621 673 2654; x_wconf 86' lang='lat' dir='ltr'><strong>Castrum</strong></span> <span class='ocrx_word' id='word_1_476' title='bbox 698 2621 980 2665; x_wconf 83' lang='lat' dir='ltr'><strong>Scharegalaxini</strong></span> <span class='ocrx_word' id='word_1_477' title='bbox 1003 2621 1337 2660; x_wconf 73' lang='lat' dir='ltr'><strong>fuitconstructum.</strong></span> 
     </span>
     <span class='ocr_line' id='line_1_47' title="bbox 9 2668 1922 2717; baseline 0.003 -14"><span class='ocrx_word' id='word_1_478' title='bbox 9 2668 17 2689; x_wconf 54' lang='lat'><strong>³²</strong></span> <span class='ocrx_word' id='word_1_479' title='bbox 39 2669 57 2703; x_wconf 87' lang='lat'>5</span> <span class='ocrx_word' id='word_1_480' title='bbox 169 2672 302 2705; x_wconf 90' lang='lat' dir='ltr'><strong>Eodem</strong></span> <span class='ocrx_word' id='word_1_481' title='bbox 325 2683 415 2705; x_wconf 91' lang='lat' dir='ltr'><strong>anno</strong></span> <span class='ocrx_word' id='word_1_482' title='bbox 443 2674 536 2706; x_wconf 82' lang='lat'><strong>1246.</strong></span> <span class='ocrx_word' id='word_1_483' title='bbox 561 2692 603 2696; x_wconf 92' lang='lat'><strong>—</strong></span> <span class='ocrx_word' id='word_1_484' title='bbox 626 2674 706 2706; x_wconf 86' lang='lat' dir='ltr'><strong>Rex</strong></span> <span class='ocrx_word' id='word_1_485' title='bbox 728 2674 902 2707; x_wconf 78' lang='lat' dir='ltr'><strong>Henricus</strong></span> <span class='ocrx_word' id='word_1_486' title='bbox 925 2675 1056 2716; x_wconf 90' lang='lat' dir='ltr'><strong>expulit</strong></span> <span class='ocrx_word' id='word_1_487' title='bbox 1081 2674 1124 2707; x_wconf 93' lang='lat' dir='ltr'><strong>de</strong></span> <span class='ocrx_word' id='word_1_488' title='bbox 1155 2674 1279 2706; x_wconf 88' lang='lat' dir='ltr'><strong>Parma</strong></span> <span class='ocrx_word' id='word_1_489' title='bbox 1302 2681 1434 2717; x_wconf 87' lang='lat' dir='ltr'><strong>partem</strong></span> <span class='ocrx_word' id='word_1_490' title='bbox 1465 2675 1633 2708; x_wconf 86' lang='lat' dir='ltr'><strong>Bernardi</strong></span> <span class='ocrx_word' id='word_1_491' title='bbox 1665 2677 1708 2708; x_wconf 88' lang='lat' dir='ltr'><strong>de</strong></span> <span class='ocrx_word' id='word_1_492' title='bbox 1738 2676 1859 2709; x_wconf 87' lang='lat' dir='ltr'><strong>Russis</strong></span> <span class='ocrx_word' id='word_1_493' title='bbox 1886 2682 1922 2710; x_wconf 89' lang='lat' dir='ltr'><strong>et</strong></span> 
     </span>
     <span class='ocr_line' id='line_1_48' title="bbox 10 2722 918 2770; baseline 0.002 -12"><span class='ocrx_word' id='word_1_494' title='bbox 10 2722 21 2735; x_wconf 63' lang='lat'><strong>²</strong></span> <span class='ocrx_word' id='word_1_495' title='bbox 81 2726 305 2770; x_wconf 85' lang='lat' dir='ltr'><strong>congregavit</strong></span> <span class='ocrx_word' id='word_1_496' title='bbox 328 2727 517 2760; x_wconf 86' lang='lat' dir='ltr'><strong>exercitum</strong></span> <span class='ocrx_word' id='word_1_497' title='bbox 542 2722 663 2761; x_wconf 79' lang='lat' dir='ltr'><strong>conti-a</strong></span> <span class='ocrx_word' id='word_1_498' title='bbox 685 2727 918 2760; x_wconf 84' lang='lat' dir='ltr'><strong>Placentinos.</strong></span> 
     </span>
     <span class='ocr_line' id='line_1_49' title="bbox 169 2779 1777 2826; baseline 0.003 -15"><span class='ocrx_word' id='word_1_499' title='bbox 169 2779 302 2812; x_wconf 87' lang='lat' dir='ltr'><strong>Eodem</strong></span> <span class='ocrx_word' id='word_1_500' title='bbox 325 2790 426 2813; x_wconf 89' lang='lat' dir='ltr'><strong>anno.</strong></span> <span class='ocrx_word' id='word_1_501' title='bbox 451 2799 493 2804; x_wconf 85' lang='lat'>—</span> <span class='ocrx_word' id='word_1_502' title='bbox 515 2780 731 2814; x_wconf 86' lang='lat' dir='ltr'><strong>Mutinenses</strong></span> <span class='ocrx_word' id='word_1_503' title='bbox 755 2787 790 2814; x_wconf 88' lang='lat' dir='ltr'><strong>et</strong></span> <span class='ocrx_word' id='word_1_504' title='bbox 811 2781 1014 2814; x_wconf 84' lang='lat' dir='ltr'><strong>Parmenses</strong></span> <span class='ocrx_word' id='word_1_505' title='bbox 1037 2782 1102 2815; x_wconf 91' lang='lat' dir='ltr'><strong>sibi</strong></span> <span class='ocrx_word' id='word_1_506' title='bbox 1125 2782 1171 2814; x_wconf 90' lang='lat' dir='ltr'><strong>ad</strong></span> <span class='ocrx_word' id='word_1_507' title='bbox 1193 2782 1343 2814; x_wconf 90' lang='lat' dir='ltr'><strong>invicem</strong></span> <span class='ocrx_word' id='word_1_508' title='bbox 1367 2783 1589 2816; x_wconf 89' lang='lat' dir='ltr'><strong>restituerunt</strong></span> <span class='ocrx_word' id='word_1_509' title='bbox 1613 2784 1777 2826; x_wconf 85' lang='lat' dir='ltr'><strong>captivos.</strong></span> 
     </span>
     <span class='ocr_line' id='line_1_50' title="bbox 169 2833 1758 2879; baseline 0.002 -13"><span class='ocrx_word' id='word_1_510' title='bbox 169 2833 302 2866; x_wconf 91' lang='lat' dir='ltr'><strong>Eodem</strong></span> <span class='ocrx_word' id='word_1_511' title='bbox 325 2845 426 2868; x_wconf 87' lang='lat' dir='ltr'><strong>anno.</strong></span> <span class='ocrx_word' id='word_1_512' title='bbox 451 2854 492 2859; x_wconf 96' lang='lat'><strong>—</strong></span> <span class='ocrx_word' id='word_1_513' title='bbox 516 2836 709 2869; x_wconf 82' lang='lat' dir='ltr'><strong>Florentinl</strong></span> <span class='ocrx_word' id='word_1_514' title='bbox 732 2847 768 2869; x_wconf 89' lang='lat' dir='ltr'><strong>se</strong></span> <span class='ocrx_word' id='word_1_515' title='bbox 792 2836 1022 2870; x_wconf 87' lang='lat' dir='ltr'><strong>submiserunt</strong></span> <span class='ocrx_word' id='word_1_516' title='bbox 1045 2836 1224 2878; x_wconf 89' lang='lat' dir='ltr'><strong>praedicto</strong></span> <span class='ocrx_word' id='word_1_517' title='bbox 1248 2836 1419 2868; x_wconf 91' lang='lat' dir='ltr'><strong>Federico</strong></span> <span class='ocrx_word' id='word_1_518' title='bbox 1443 2837 1525 2869; x_wconf 91' lang='lat' dir='ltr'><strong>olim</strong></span> <span class='ocrx_word' id='word_1_519' title='bbox 1549 2836 1758 2879; x_wconf 84' lang='lat' dir='ltr'><strong>imperatori.</strong></span> 
     </span>
    </p>
   </div>
   <div class='ocr_carea' id='block_1_10' title="bbox 174 2969 1041 3003">
    <p class='ocr_par' dir='ltr' id='par_1_14' title="bbox 174 2969 1041 3003">
     <span class='ocr_line' id='line_1_51' title="bbox 174 2969 1041 3003; baseline 0 -10"><span class='ocrx_word' id='word_1_520' title='bbox 174 2974 208 3001; x_wconf 89' lang='lat'><strong>30</strong></span> <span class='ocrx_word' id='word_1_521' title='bbox 225 2969 383 3001; x_wconf 75' lang='lat' dir='ltr'><strong>praedictos</strong></span> <span class='ocrx_word' id='word_1_522' title='bbox 401 2969 434 2995; x_wconf 85' lang='lat' dir='ltr'><strong>de</strong></span> <span class='ocrx_word' id='word_1_523' title='bbox 452 2969 575 3003; x_wconf 75' lang='lat' dir='ltr'><strong>Andalo]</strong></span> <span class='ocrx_word' id='word_1_524' title='bbox 594 2971 687 2995; x_wconf 81' lang='lat' dir='ltr'><strong>scritto</strong></span> <span class='ocrx_word' id='word_1_525' title='bbox 700 2969 751 3001; x_wconf 62' lang='lat' dir='ltr'><strong>pit&gt;</strong></span> <span class='ocrx_word' id='word_1_526' title='bbox 769 2969 847 2994; x_wconf 81' lang='lat' dir='ltr'><strong>tardi</strong></span> <span class='ocrx_word' id='word_1_527' title='bbox 862 2977 892 2994; x_wconf 74' lang='lat' dir='ltr'><strong>su</strong></span> <span class='ocrx_word' id='word_1_528' title='bbox 910 2969 1041 2994; x_wconf 82' lang='lat' dir='ltr'><strong>abrasura</strong></span> 
     </span>
    </p>
   </div>
   <div class='ocr_carea' id='block_1_11' title="bbox 0 2634 36 3424">
    <p class='ocr_par' dir='ltr' id='par_1_15' title="bbox 0 2634 36 3424">
     <span class='ocr_line' id='line_1_52' title="bbox 0 2634 36 3424; baseline 0 0"><span class='ocrx_word' id='word_1_529' title='bbox 0 2634 36 3424; x_wconf 95' lang='lat' dir='ltr'><strong> </strong></span> 
     </span>
    </p>
   </div>
   <div class='ocr_carea' id='block_1_12' title="bbox 2000 1943 2122 1964">
    <p class='ocr_par' dir='ltr' id='par_1_16' title="bbox 2000 1943 2122 1964">
     <span class='ocr_line' id='line_1_53' title="bbox 2000 1943 2122 1964; baseline 0.008 -2"><span class='ocrx_word' id='word_1_530' title='bbox 2000 1943 2068 1964; x_wconf 74' lang='grc' dir='ltr'>Μυι,</span> <span class='ocrx_word' id='word_1_531' title='bbox 2085 1943 2122 1963; x_wconf 82' lang='lat'><strong>11³</strong></span> 
     </span>
    </p>
   </div>
   <div class='ocr_carea' id='block_1_13' title="bbox 1995 2049 2083 2071">
    <p class='ocr_par' dir='ltr' id='par_1_17' title="bbox 1995 2049 2083 2071">
     <span class='ocr_line' id='line_1_54' title="bbox 1995 2049 2083 2071; baseline 0.011 -3"><span class='ocrx_word' id='word_1_532' title='bbox 1995 2049 2083 2071; x_wconf 70' lang='lat' dir='ltr'><strong>c.18b</strong></span> 
     </span>
    </p>
   </div>
   <div class='ocr_carea' id='block_1_14' title="bbox 1995 2690 2088 2712">
    <p class='ocr_par' dir='ltr' id='par_1_18' title="bbox 1995 2690 2088 2712">
     <span class='ocr_line' id='line_1_55' title="bbox 1995 2690 2088 2712; baseline -0.011 -5"><span class='ocrx_word' id='word_1_533' title='bbox 1995 2692 2016 2707; x_wconf 85' lang='lat' dir='ltr'><strong>c.</strong></span> <span class='ocrx_word' id='word_1_534' title='bbox 2031 2690 2088 2712; x_wconf 71' lang='lat'><strong>1⁹⁰</strong></span> 
     </span>
    </p>
   </div>
  </div>
 </body>
</html>
