2196 3424
67 1259 113 1278 υι.,
130 1254 167 1274 1⁴2

69 2471 88 2486 c.
104 2465 156 2485 bob

253 157 300 195 36
787 155 1075 191 ΜΑΤΤΗΑΕΙ
1103 156 1174 190 DE
1202 155 1548 191 GRIFFONIBUS
1802 161 2089 200 [AA.1324-13251

336 288 468 322 Eodem
491 298 592 327 anno,
625 288 659 319 in
691 287 747 320 die
779 287 887 320 sancti
916 285 1107 319 Michaelis.
1133 305 1173 309 —
1197 285 1353 319 Castrum
1384 285 1610 318 Montisbellii
1640 292 1821 330 acceptum
1852 288 1919 322 fuit
1949 289 2086 322 comuni

248 342 422 375 Bononiae
445 352 508 384 per
530 341 703 374 dominum
725 340 942 373 Passarinum
965 344 1112 372 tractatu
1128 339 1269 383 Ugolini
1286 338 1399 377 surdi,
1417 339 1475 381 qui
1490 338 1609 372 habuit
1624 340 1857 382 quaestionem
1881 353 1959 375 cum
1983 342 2085 376 Scar-

248 394 338 437 pello
362 400 396 427 et
418 394 537 427 Becho
561 394 604 426 de
627 393 864 426 Montebellio.

334 447 467 480 Eodem
482 456 582 485 anno,
605 447 649 478 de
672 457 788 479 mense
803 447 937 489 augusti
953 464 993 470 -—
1006 446 1172 479 Dominus
1186 445 1372 489 Laygonus
1384 445 1428 478 de
1441 444 1740 479 Basacomatribus
1763 452 1798 480 et
1813 448 1970 481 dominus
1985 449 2087 492 Jaco-

248 499 319 538 bus,
343 500 414 543 ejus
437 500 555 538 frater,
579 500 718 532 fuerunt
741 499 920 532 doctorati.
2133 503 2151 535 5

334 553 466 586 Eodem
489 552 678 586 millesimo.
695 570 735 575 —
752 553 832 585 Fuit
854 552 1052 586 strasinatus
1075 551 1222 584 famulus
1243 551 1377 595 Mucoli
1399 551 1444 584 de
1469 551 1631 591 Galuciis‚
1656 553 1736 596 quia
1758 553 1936 587 interfecit
1959 555 2087 588 dictum

245 605 431 639 Mucolum.

314 640 588 692 'M.CCCXXV.
614 677 655 681 —
678 658 844 691 Dominus
862 658 1012 701 Jacobus
1035 658 1078 690 de
1103 657 1358 691 Confaloneriis
1382 658 1426 690 de
1449 658 1630 691 Placentia
1653 659 1720 692 fuit
1735 665 1887 702 potestas
1908 660 2086 694 Bononiae

245 722 308 754 pro
333 712 450 754 primis
472 723 532 744 sex
555 711 738 744 mensibuS.
785 711 952 744 Dominus
980 711 1155 755 Ricardus
1186 711 1231 743 de
1262 710 1444 754 Ugonibus
1475 711 1519 743 de
1551 711 1668 745 Brixia
1697 712 1763 745 fuit
1795 714 1996 756 capitaneus
2025 726 2088 758 po-

244 764 316 807 puli
339 775 402 808 pro
426 765 552 808 primis.
2114 769 2153 801 10

331 818 463 851 Eodem
487 827 588 850 anno.
613 836 654 841 —
677 817 853 850 Praedicti
875 822 1028 859 potestas
1051 822 1086 849 et
1109 816 1310 859 capitaneus
1333 826 1411 849 cum
1435 822 1506 850 tota
1533 817 1654 850 militia
1685 824 1720 851 et
1751 818 1882 852 duobus
1905 820 2086 862 quarteriis

244 870 361 913 populi
384 870 604 903 bononiensis
631 870 869 913 equitaverunt
891 880 1009 902 versus
1031 869 1201 902 Mutinam
1232 875 1267 902 et
1296 870 1502 912 inceperunt
1532 880 1692 913 guerram
1723 881 1801 903 cum
1831 872 1972 906 domino
2002 873 2087 906 Pas-

243 924 356 956 sarino
380 929 414 956 et
437 923 594 956 omnibus
617 923 684 955 suis
706 923 826 955 amicis
849 929 884 955 et
908 933 986 954 cum
1010 922 1265 955 marchionibus
1287 923 1331 955 de
1360 923 1522 956 Ferraria
1545 929 1580 956 et
1604 934 1682 956 cum
1714 925 1853 958 domino
1876 925 2086 964 Mediolani3

243 982 278 1008 et
299 977 427 1009 dictum
451 976 517 1009 fuit
539 975 632 1019 quod
655 976 723 1008 hoc
745 976 931 1008 intervenit
954 975 1034 1018 quia
1056 975 1162 1018 aliqui
1186 976 1280 1008 cives
1303 975 1464 1008 fecerunt
1493 976 1562 1008 hoc
1586 977 1772 1016 maliciose,
1805 988 1908 1011 causa
1933 980 2087 1021 ponendi

243 1039 388 1062 comune
413 1029 588 1062 Bononiae
611 1029 646 1060 in
668 1028 812 1073 brigam,
836 1035 874 1062 ut
897 1028 1028 1071 expulsi
1052 1028 1096 1061 de
1119 1028 1277 1061 Bononia
1300 1029 1471 1067 redirent3
1497 1035 1531 1062 et
1554 1029 1683 1062 dictum
1706 1030 1772 1063 fuit
1795 1032 1888 1074 quod
1910 1031 2088 1066 barisellus
2113 1031 2151 1064 15

241 1082 418 1115 Bononiae
442 1081 560 1115 habuit
581 1082 617 1114 in
640 1082 708 1114 hoc
731 1092 890 1125 magnam
916 1081 1062 1124 eulpam.

330 1135 463 1168 Eodem
486 1145 586 1168 anno.
612 1153 652 1158 —-
675 1134 841 1167 Dominus
863 1133 1019 1178 Angelus
1041 1134 1086 1166 de
1114 1133 1243 1167 Sancto
1276 1134 1439 1177 Elupidio
1469 1135 1536 1168 fuit
1565 1141 1718 1178 potestas
1749 1136 1924 1171 Bononiae
1947 1149 2012 1181 pro
2034 1149 2088 1171 se-

242 1187 364 1220 cundis
385 1187 565 1220 mensibus.
611 1187 779 1220 Dominus
802 1187 982 1219 Fulcerius
1006 1186 1049 1219 de
1072 1187 1219 1220 Calbulo
1242 1187 1308 1220 fuit
1332 1188 1543 1230 capitaneus,

328 1245 462 1278 Eodem
484 1255 587 1284 anno,
611 1245 654 1278 de
678 1256 794 1277 mense
818 1243 961 1288 augusti.
986 1263 1028 1267 ——
1051 1244 1243 1277 Florentini
1268 1245 1420 1278 conflicti
1443 1246 1584 1279 fuerunt
1607 1246 1713 1289 apud'
1736 1246 1855 1280 Altum
1878 1248 2032 1282 Passum.

328 1299 461 1331 Eodem
485 1309 586 1338 anno,
610 1299 654 1331 de
679 1309 795 1331 mense
819 1297 964 1340 augusti.
988 1316 1030 1321 —
1053 1298 1132 1331 Fuit
1156 1297 1335 1331 conflictus
1358 1298 1403 1331 de
1426 1299 1597 1342 Zapulino
1629 1300 1729 1333 datus
1751 1301 2028 1335 Bononiensibus
2050 1307 2087 1335 ut
2109 1304 2152 1335 20

324 1351 359 1383 in
382 1351 538 1395 sequenti
561 1351 687 1396 pagina
710 1350 915 1384 continetur.

941 1462 1170 1495 CONFMCTUS
1193 1463 1381 1497 zApomm.

326 1551 458 1585 Eodem
481 1562 573 1585 anno
600 1550 693 1591 1325,
718 1551 762 1584 de
785 1560 902 1584 mense
925 1550 1069 1593 augusti.
1103 1569 1144 1573 —
1167 1551 1324 1585 Potestas
1347 1558 1382 1585 et
1405 1554 1606 1596 capitaneus
1630 1555 1777 1589 civitatis
1799 1556 1978 1590 Bononiae
2009 1567 2087 1590 cum

237 1609 310 1638 tota
331 1605 451 1638 militia
473 1605 629 1638 comunis
657 1605 834 1638 Bononiae
862 1610 898 1637 et
929 1613 1006 1636 cum
1036 1603 1169 1637 duobus
1199 1606 1382 1648 quarteriis
1411 1607 1531 1649 populi
1562 1607 1782 1642 bononiensis
1813 1609 1949 1643 iverunt
1978 1610 2085 1643 Muti—

195 1650 197 1652 ’
237 1669 316 1690 nam
346 1658 436 1691 inter
466 1658 552 1691 duos
582 1658 721 1691 canales
749 1658 905 1690 Mutinae
938 1667 1041 1690 causa
1071 1658 1272 1691 destruendi
1302 1670 1409 1702 aquas
1438 1660 1577 1694 Panarii
1607 1667 1642 1694 et
1668 1662 1716 1694 ibi
1747 1667 1914 1696 steterunt
1942 1674 2007 1707 per
2037 1674 2087 1696 xv
2110 1663 2150 1696 25

237 1711 320 1744 dies.
366 1712 412 1744 Et
432 1718 563 1754 postea,
586 1712 623 1744 in
645 1712 735 1744 festo
759 1711 870 1744 sancti
891 1710 1123 1744 Bertolomaei
1145 1712 1326 1754 praedicti,
1351 1712 1508 1746 dominus
1538 1720 1691 1756 potestas
1718 1721 1752 1748 et
1783 1717 1986 1759 capitaneus
2008 1726 2086 1749 cum

235 1769 308 1797 tota
331 1775 448 1798 eorum
471 1764 591 1797 militia
613 1770 649 1797 et
671 1774 750 1797 cum
772 1764 902 1807 populo
926 1764 1130 1797 bononiensi
1161 1771 1196 1797 et
1227 1775 1305 1798 cum
1336 1766 1493 1799 omnibus
1516 1768 1635 1800 amicis
1666 1774 1701 1801 et
1724 1770 1929 1812 sequacibus
1951 1770 2020 1803 suis
2042 1771 2087 1804 de

234 1818 410 1851 Florentia
439 1818 484 1851 de
515 1818 750 1851 Romandiola
780 1823 815 1851 et
844 1818 920 1851 aliis
951 1818 1218 1851 circumstantiis
1249 1825 1284 1852 et
1314 1818 1403 1852 bene
1434 1825 1473 1852 vc
1495 1821 1709 1863 stipendiarii
1742 1824 1982 1865 equitaverunt
2007 1835 2086 1856 ver-

233 1881 289 1903 sus
318 1871 488 1905 Mutinam
519 1871 564 1904 ad
598 1870 755 1904 Castrum
790 1871 997 1910 Franchum,
1031 1872 1077 1904 ad
1110 1871 1315 1905 Plumatium
1348 1879 1382 1906 et
1413 1874 1458 1906 ad
1489 1874 1665 1918 Bacanum
1700 1881 1735 1908 et
1765 1887 1883 1908 versus
1913 1876 2086 1910 Montem-

232 1923 381 1964 bellium,
405 1935 447 1958 eo
470 1925 550 1968 quia
581 1930 729 1958 castrum
759 1924 986 1958 Montisbellii
1015 1936 1079 1967 per
1109 1926 1341 1967 proditionem
1374 1934 1512 1970 captum
1540 1928 1607 1961 fuit
1636 1939 1701 1971 per
1731 1929 1918 1972 Ugolinum
1949 1930 1994 1963 de
2017 1931 2087 1963 Zo-
2108 1931 2152 1964 30

231 1977 320 2021 golis
342 1978 386 2010 de
411 1978 505 2011 dicto
529 1983 642 2011 castro
669 1983 704 2010 et
734 1977 822 2011 filios
845 1987 924 2010 suos
947 1987 1026 2010 cum
1050 1977 1125 2010 aliis
1149 1978 1192 2010 de
1217 1979 1312 2011 dicto
1345 1986 1458 2013 castro
1482 1992 1525 2013 ex
1549 1981 1692 2014 defectu
1719 1982 1977 2024 capitaneorum
2001 1984 2087 2016 dicti

232 2031 347 2071 castri,
371 2032 431 2075 qui
460 2031 550 2073 male
582 2030 820 2065 custodiebant
850 2030 944 2063 illud.
993 2029 1064 2069 Qui
1086 2031 1262 2073 capitanei
1284 2033 1425 2066 fuerunt
1448 2034 1544 2067 dicta
1567 2035 1611 2067 de
1640 2045 1742 2068 causa
1766 2034 1964 2078 decapitati‚
1987 2037 2086 2070 vide-

234 2083 326 2123 licet,
349 2084 567 2118 Bertolucius
589 2085 634 2117 de
657 2083 807 2117 Pacibus
830 2090 865 2117 et
887 2084 1038 2127 Jacobus
1061 2084 1105 2117 de
1129 2084 1327 2119 Tolomaeis
1351 2087 1395 2120 de
1418 2087 1535 2131 Burgo
1560 2088 1746 2127 Galleriae,
1771 2095 1944 2133 tamquam
1966 2090 2084 2133 prodi-

230 2143 322 2171 tores
345 2139 499 2171 comunis
520 2139 709 2172 Bononiae.
756 2139 801 2172 Et
824 2138 935 2172 subito
959 2138 1196 2172 Bononienses
1226 2140 1361 2172 iverunt
1383 2140 1428 2173 ad
1455 2141 1585 2173 dictum
1617 2147 1765 2174 castrum
1790 2148 1825 2175 et
1846 2142 1941 2176 iuxta
1969 2149 2086 2186 partes

231 2191 315 2224 dicti
338 2191 441 2224 castri
462 2191 699 2231 Montisbellii,
724 2202 860 2235 semper
882 2192 1013 2225 dictum
1037 2199 1187 2226 castrum
1210 2194 1349 2227 fortiter
1369 2194 1591 2237 proeliantes.
1639 2195 1711 2228 Sed
1741 2196 1852 2230 subito
1884 2198 2084 2240 supervenit
2105 2197 2147 2230 35

233 2244 291 2277 ille
313 2245 469 2288 peximus
492 2251 528 2278 et
550 2239 756 2279 maledictus
777 2246 937 2279 dominus
959 2246 1173 2286 passumus,
1198 2247 1356 2280 dominus
1379 2248 1484 2281 Canis
1516 2249 1561 2281 de
1593 2248 1626 2280 la
1657 2248 1771 2288 Scala,
1795 2250 1956 2282 dominus
1985 2246 2084 2295 Acco

228 2298 437 2331 Vicecomes
459 2298 651 2331 Mediolani
674 2304 708 2331 et
730 2299 933 2343 Raynaldus
956 2300 1108 2333 marchio
1132 2301 1314 2334 Ferrariae
1346 2311 1423 2334 cum
1441 2301 1598 2335 omnibus
1623 2303 1667 2335 de
1690 2302 1836 2342 Mutina,
1862 2303 1906 2336 de
1929 2303 2084 2342 Mantua,

229 2351 274 2383 de
297 2351 456 2385 Ferraria
482 2357 518 2385 et
546 2352 642 2385 multi
665 2353 790 2385 milites
816 2352 1009 2386 theutonici
1040 2354 1124 2386 dicti
1158 2354 1287 2387 Azouis
1318 2360 1352 2387 et
1382 2355 1620 2397 equitaverunt
1650 2366 1768 2388 versus
1802 2356 1988 2389 exercitum
2022 2356 2084 2390 bo-

227 2404 428 2437 noniensem
452 2414 556 2438 causa
586 2405 801 2438 defendendi
824 2415 913 2445 suos,
937 2406 993 2449 qui
1019 2412 1116 2439 erant
1138 2407 1174 2439 in
1198 2407 1292 2440 dicto
1325 2414 1438 2441 castro
1462 2414 1583 2440 contra
1605 2408 1851 2441 Bononienses.
1897 2410 1944 2442 Et
1974 2410 2084 2443 domi-

233 2468 297 2490 nus
329 2457 448 2491 Canis'
475 2458 520 2491 de
551 2458 584 2491 la
615 2458 718 2492 Scala
753 2459 910 2492 discessit
941 2464 977 2491 et
1006 2459 1069 2492 ivit
1099 2460 1286 2494 Veronam.
1332 2461 1379 2494 Et
1416 2461 1654 2494 Bononienses
1681 2472 1745 2504 pro
1780 2461 1937 2496 omnibus
1964 2473 2082 2496 eorum
2106 2464 2148 2496 40

227 2511 346 2544 amicis
369 2511 413 2544 de
436 2511 612 2545 Florentia
635 2518 670 2545 et
696 2512 740 2545 de
771 2512 1014 2546 Romandiola.
1060 2515 1107 2547 Et
1130 2514 1289 2547 dominus
1310 2515 1550 2548 Malatestinus
1573 2511 1617 2548 de
1640 2516 1832 2549 Malatestis
1859 2517 1903 2549 de
1925 2516 2084 2551 Arimino

226 2564 341 2597 factus
356 2564 423 2597 fuit
437 2565 638 2607 capitaneus
653 2566 826 2609 generalis
841 2576 986 2610 guerrae
1003 2572 1038 2600 et
1054 2568 1156 2600 totius
1172 2569 1345 2601 exercitus
1361 2568 1592 2601 bononiensis.
1640 2569 1685 2602 Et
1709 2570 1789 2602 dum
1805 2579 1890 2612 gens
1914 2570 2084 2604 exercitus

227 2617 447 2650 bononiensis
470 2624 575 2652 staret
599 2618 693 2651 circa
715 2619 853 2652 foveam
875 2619 1002 2664 Mucae
1026 2621 1062 2653 in
1085 2622 1191 2664 podio
1208 2621 1337 2665 Bacani
1353 2632 1419 2654 nec
1436 2622 1564 2654 inimici
1580 2629 1721 2665 possent
1737 2623 1965 2666 [succurrere]
1980 2624 2084 2658 Mon-

226 2669 401 2703 tebellium
418 2676 454 2704 et
468 2682 598 2714 ponere
614 2672 651 2704 in
666 2672 741 2715 ipso
756 2673 929 2713 victualia,
952 2679 1036 2707 tunc
1052 2675 1164 2707 dictus
1187 2675 1344 2708 dominus
1359 2675 1560 2708 Passarinus
1583 2685 1661 2708 cum
1684 2676 1841 2709 omnibus
1870 2677 1940 2710 suis
1962 2677 2083 2710 amicis

227 2729 261 2756 et
283 2733 361 2756 cum
384 2724 540 2757 omnibus
563 2725 818 2769 Scachensibus
841 2727 990 2770 expulsis
1014 2727 1058 2760 de
1081 2728 1239 2761 Bononia
1261 2734 1296 2761 et
1325 2728 1386 2761 filii
1416 2729 1564 2761 Romaei
1588 2729 1632 2761 de
1666 2728 1807 2771 Pepolis
1837 2736 1872 2763 et
1900 2730 2007 2763 Testa
2037 2730 2081 2764 de
2105 2729 2146 2763 45

231 2895 239 2905 ἱ
313 2863 349 2889 4ο
365 2857 473 2884 Borion.
490 2866 544 2891 pro
561 2859 693 2885 omnibus
709 2859 819 2893 eorum]
844 2860 925 2887 Mun.
944 2868 1028 2887 corr..·
1052 2862 1246 2888 Bononienses
1264 2864 1345 2889 erant
1361 2870 1426 2889 cum
1447 2863 1583 2889 omnibus
1608 2870 1706 2889 eorum
1728 2876 1761 2882 —-
1780 2869 1814 2896 43
1835 2863 2009 2897 nuccurrere]
2027 2871 2077 2890 non

228 2906 242 2922 e
259 2898 304 2922 nel
317 2898 373 2924 cod.
