2196 3424
800 178 1206 216 INTRODUZIONE

439 311 633 344 Gmmrom.

85 382 230 408 BononIae
246 388 300 415 pro
318 381 449 407 secund-is
466 383 494 407 et
511 381 643 408 dominus
657 382 777 416 Jacobus
794 382 827 408 de
845 382 986 416 Oringhis

85 430 118 455 de
135 431 241 463 Aquila
263 429 321 456 fuit
338 430 499 463 capitaneus
527 438 580 463 pro
606 431 742 458 secundis.
778 431 884 457 Eodem
901 439 984 457 anno.

86 479 187 505 Dictus
205 479 339 505 dominus
356 480 484 511 potestas
496 479 530 505 de
543 479 673 506 mandato
692 480 821 506 comunIs
839 481 986 506 Bononiae

38 519 58 554 5
86 526 154 553 fecit
169 527 275 553 destrui
299 527 398 553 domos
415 527 524 553 domini
548 528 693 554 Franciscl
711 528 744 554 de
762 528 932 560 Ghisileriis,
951 536 986 553 eo

0 581 2 615 i
86 576 153 609 quia
178 574 322 602 interfecit
345 577 375 601 et
397 575 472 601 dedit
494 577 630 603 auxilium
653 578 682 602 et
704 578 860 603 consilium
884 578 985 603 contra

86 625 151 651 illos
163 624 196 650 de
206 624 324 658 Rayslo.
354 624 461 650 Eodem
479 632 562 651 anno.
594 627 686 652 Natus
697 625 755 652 fuit
764 626 893 659 Jacobm,
911 626 986 652 filius

88 674 218 708 magistri
232 673 343 699 NIcolai
354 673 388 699 de
401 674 540 707 Vlanovta
553 676 670 708 capellae
681 676 795 702 sanctae
807 676 987 710 Margaritae,

88 724 118 749 et
136 723 190 749 hoc
204 721 262 749 fuit
279 722 313 748 de
331 730 424 749 mense
441 724 547 751 martii.

0 847 64 910 {10

1368 312 1592 346 Nncaosom.

838 867 1017 906 ANNO
1059 867 1184 905 1346

362 985 462 1012 (Nostra
475 985 542 1014 edin„
559 993 584 1014 p.
598 982 643 1017 56,
659 988 720 1015 9-14)

179 1036 392 1065 MCCCXLVI.
418 1040 560 1066 Dominus
587 1040 749 1067 Averardus
773 1041 806 1066 de
823 1042 987 1075 Montespe-

90 1085 160 1111 rello
178 1084 237 1112 fuit
253 1088 379 1119 potestas
392 1088 537 1115 Bononiae
548 1097 603 1122 pro
614 1090 716 1122 primis
736 1092 763 1115 et
780 1090 912 1116 dominus
929 1092 989 1117 An-

91 1134 169 1168 gelus
187 1134 220 1160 de
242 1135 422 1162 Monteleone
449 1145 502 1170 pro
529 1139 665 1165 secundis.
700 1139 806 1164 Eodem
833 1147 916 1172 anno,
944 1140 990 1166 die

0 1177 5 1219 'k
26 1180 64 1216 15
91 1184 191 1216 quarto
203 1185 328 1217 augusti,
357 1186 499 1212 Dominus
518 1188 645 1213 marchio
664 1189 792 1214 Estensis
810 1189 844 1213 de
862 1189 991 1215 Ferraria

0 1222 3 1230 ³
90 1231 170 1257 dedit
187 1233 318 1259 Parmam
330 1233 448 1260 domino
461 1235 588 1261 Luchino
601 1237 773 1262 Vicecomiti
785 1237 818 1262 de
830 1237 991 1263 Mediolano

0 1313 4 1319 .
91 1280 127 1306 ad
150 1281 331 1315 baptismum,
349 1283 462 1315 quando
479 1283 536 1310 fuit
553 1286 698 1317 compater
717 1292 792 1317 suus,
813 1286 879 1318 qula
897 1287 991 1312 tenuit

0 1341 4 1366 ξ
91 1329 127 1354 ab
139 1329 312 1362 baptismum
329 1331 400 1357 duos
417 1332 491 1358 filios
504 1333 571 1358 dicti
584 1333 695 1360 domiai
708 1334 841 1366 Luchini,
862 1335 992 1360 videlicet

0 1374 3 1383 ''
55 1371 59 1375 ’
92 1376 253 1404 Luchinum
266 1380 406 1406 novellum
418 1382 447 1406 et
455 1381 620 1414 johannem,
641 1384 724 1408 natos
742 1384 773 1409 in
792 1391 849 1409 uno
867 1385 990 1416 portatu.

0 1404 68 1474 {20

0 1698 5 1719 f

0 1781 68 1846 {25

0 1860 7 1887 ἔ

0 1893 9 1908 ἵ
716 1897 730 1908 t

7 1959 9 1961 ι
363 1927 458 1955 (Nostra
472 1927 547 1954 edin„
561 1934 585 1955 p.
600 1923 644 1957 67,
659 1929 732 1957 ιε’-πε)

0 1910 10 2028 ἓ
183 1980 382 2008 MCCCLXV.
400 1995 413 2002 -
430 1984 572 2010 Dominus
589 1984 772 2018 Raymundua
789 1985 823 2011 de
836 1986 997 2013 TolomaeIs

8 2035 9 2038 ¹
30 2039 33 2042 *
97 2027 130 2054 de
146 2029 228 2055 Senis
250 2029 305 2057 fult
327 2032 454 2064 potestas
472 2033 616 2059 Bononiae
634 2040 687 2066 pro
705 2035 805 2067 prImis
822 2035 851 2060 et
868 2035 997 2061 dominus

0 2033 13 2123 ἱ
97 2076 205 2104 Roseus
222 2078 255 2104 de
267 2079 358 2105 Riciis
369 2080 404 2105 de
415 2081 561 2108 Florentia
572 2088 625 2114 pro
638 2082 774 2108 secundis.
792 2083 900 2108 Eodem
911 2091 998 2115 anno,

8 2123 11 2131 r

25 2122 71 2156 30
97 2126 142 2152 dle
160 2135 178 2152 v
189 2126 468 2162 februarii-*Jacobus
485 2130 610 2157 Mathaei
623 2130 656 2156 de
669 2131 840 2157 Blanchittis
852 2132 888 2157 de
905 2133 999 2157 Bono-

98 2176 153 2208 nia,
167 2176 248 2202 duxit
264 2177 295 2202 in
312 2185 431 2204 uxorem
443 2179 588 2205 dominum
601 2179 773 2212 Caterinam,
784 2180 871 2206 filiam
889 2180 998 2206 domini

95 2224 234 2258 ,Iohannis
253 2225 288 2251 de
306 2226 420 2252 UrsinIs
431 2227 464 2252 de
476 2228 574 2254 Roma.
611 2229 719 2254 Eodem
738 2236 822 2259 anno,
843 2229 888 2254 die
906 2230 999 2262 primo

99 2273 171 2299 iulii.
207 2274 274 2300 Fuit
287 2282 406 2308 magnus
418 2283 516 2302 rumor
533 2277 565 2301 in
583 2278 692 2309 palatio
710 2277 821 2302 domini
838 2278 998 2310 potestatis,

0 2305 9 2374 ’ἱ
100 2322 247 2348 occasione
271 2323 430 2356 syndIcatus
455 2324 521 2350 dicti
539 2324 650 2351 domini
674 2326 834 2359 Raymundi
858 2326 891 2351 de
915 2326 1000 2352 Tolo-

8 2366 11 2369 ’
28 2370 72 2405 35
100 2371 197 2403 meis,
215 2371 365 2404 potestatis
376 2373 528 2404 Bononiae,
542 2374 591 2406 qui
604 2374 704 2400 multas
722 2374 876 2400 baratarius
887 2374 1000 2406 fecerat,

100 2426 152 2444 nec
162 2420 275 2452 poterat
286 2415 416 2447 invenire
427 2422 548 2455 aliquem
561 2422 758 2448 fideiussorem.
794 2424 831 2448 Et
844 2423 880 2448 ob
893 2423 923 2448 id
941 2424 1003 2456 ipse

100 2468 212 2501 aufugit
229 2468 262 2494 de
278 2469 385 2502 palatio
402 2472 549 2503 potestatis
566 2472 595 2496 et
613 2471 670 2497 ivit
687 2471 722 2497 ad
739 2472 876 2504 palatium
894 2472 1004 2497 domini

101 2516 249 2543 cardInalis
267 2519 295 2543 et
308 2518 428 2545 finaliter
439 2519 494 2545 fuit
510 2520 602 2545 tantem·
615 2521 735 2553 qualiter
747 2520 903 2546 uindicatus
916 2522 944 2546 et
961 2529 1005 2546 re-

102 2566 187 2590 cessit
199 2572 264 2591 cum
273 2567 439 2593 verecundia
447 2569 476 2593 et
486 2568 568 2594 multi
579 2569 658 2594 cives
668 2569 815 2594 cridabant
823 2570 890 2601 post
899 2570 1002 2602 ipsum.

103 2613 141 2639 Et
158 2614 222 2647 ipsa
244 2616 393 2641 occulone
410 2615 525 2642 fuerunt
542 2617 630 2650 aliqui
647 2618 822 2650 tormentati,
841 2619 915 2643 inter
933 2625 1003 2650 quos

104 2662 157 2687 suit
174 2664 306 2696 magister
319 2664 475 2697 Federicus,
487 2665 609 2692 medicus
622 2667 657 2691 de
669 2667 754 2700 porta
771 2667 864 2692 Nova.
900 2666 1004 2692 Eodem

104 2717 180 2737 anno
198 2711 242 2737 die
259 2712 380 2738 secundo
397 2715 518 2747 augusti.
554 2715 682 2740 Decessit
699 2715 830 2740 dominus
847 2714 953 2748 Symon
972 2715 1004 2739 de

104 2761 202 2785 meto
215 2759 340 2794 Georgia
353 2761 446 2795 legum
457 2762 563 2790 doctor.
574 2763 680 2788 Eodem
693 2770 768 2789 anno
786 2764 815 2788 et
827 2770 930 2789 mense.
949 2764 1006 2789 De-

105 2810 205 2835 ecessit
222 2810 354 2836 dommus
368 2810 511 2844 Johannes
529 2812 563 2837 de
582 2811 745 2844 Caldarinis,
765 2811 863 2837 doctor
881 2812 1003 2838 decreto-

33 2869 74 2904 45
104 2866 169 2892 rum
186 2859 400 2885 famosissimus.

10 2622 77 2654 :40

1364 984 1433 1012 (cod.
1447 985 1478 1012 ψ,
1495 991 1516 1008 c.
1533 985 1569 1006 104
1583 984 1616 1012 v.)

1128 1040 1167 1065 M.
1186 1039 1314 1066 Verardo
1333 1039 1367 1065 da
1385 1040 1599 1073 Monteepirello
1617 1038 1695 1065 intro
1713 1035 1829 1071 podesta
1845 1044 1896 1070 per
1913 1037 1936 1063 li

1041 1089 1139 1121 prImi.

1129 1138 1157 1162 A
1175 1138 1206 1163 di
1224 1137 1240 1163 6
1258 1138 1291 1163 de
1310 1139 1402 1171 aprile
1420 1145 1450 1163 se
1467 1145 1556 1164 mosae
1573 1137 1607 1162 de
1625 1137 1751 1170 Bologna
1774 1136 1850 1161 circa
1873 1142 1937 1160 cen-

1042 1187 1150 1212 tovinti
1161 1187 1283 1212 cltadini
1295 1195 1346 1220 per
1357 1187 1460 1213 andare
1472 1188 1573 1213 contra
1584 1186 1610 1211 el
1622 1185 1742 1216 'rm-cho,
1756 1192 1804 1210 era
1814 1191 1883 1216 capo
1896 1183 1937 1208 M.

1042 1234 1152 1261 Iacomo
1171 1236 1204 1260 de
1216 1236 1257 1261 M.
1270 1237 1422 1261 Francesco
1440 1236 1473 1261 de
1490 1235 1653 1267 Bentivogli
1665 1241 1720 1259 con
1732 1233 1783 1258 doe
1795 1232 1937 1258 bandiere.

1131 1285 1184 1310 Del
1204 1292 1284 1310 mexe
1302 1285 1335 1310 de
1362 1285 1509 1310 settembre
1535 1285 1574 1310 M.
1599 1283 1728 1309 Luchino
1747 1281 1890 1307 Vesconte
1913 1279 1938 1304 el

1043 1333 1187 1359 marchese
1213 1334 1304 1360 obizo
1328 1334 1362 1359 da
1388 1335 1506 1360 Fer-rara
1522 1341 1538 1359 e
1555 1333 1594 1359 M.
1613 1333 1738 1358 Mastino
1762 1330 1795 1356 de
1812 1330 1839 1355 la
1862 1328 1939 1356 Scala

1043 1382 1156 1414 signore
1173 1383 1206 1408 de
1225 1384 1344 1415 Verona,
1362 1390 1378 1407 e
1395 1383 1416 1408 li
1434 1383 1542 1416 signori
1560 1381 1592 1406 de
1610 1381 1744 1412 Gonzaga
1761 1378 1859 1404 feceno
1872 1384 1939 1410 pace

1042 1438 1057 1456 e
1074 1430 1136 1464 lega
1154 1433 1272 1457 insieme
1289 1439 1305 1457 e
1322 1432 1450 1458 lassor-no
1468 1431 1503 1457 da
1521 1431 1606 1456 canto
1618 1429 1643 1455 el
1654 1430 1751 1462 signor
1764 1428 1805 1453 M.
1817 1426 1939 1456 'rhadio3

1044 1479 1071 1505 el
1087 1480 1231 1506 marchexe
1243 1480 1303 1506 dete
1318 1481 1346 1506 la
1363 1478 1420 1506 cita
1437 1480 1472 1505 de
1489 1481 1592 1506 Parma
1603 1486 1620 1504 a
1631 1478 1674 1504 M.
1687 1476 1815 1503 Luchino
1827 1476 1856 1500 et
1868 1473 1941 1499 ando

1044 1535 1062 1553 a
1079 1529 1187 1554 Milano
1201 1537 1218 1556 a
1229 1529 1324 1555 tenir-ll
1336 1537 1354 1555 a
1364 1529 1514 1554 battesimo
1532 1535 1590 1554 uno
1608 1526 1703 1552 filiollo
1717 1532 1800 1551 nome
1811 1523 1940 1550 Luchino

1044 1578 1165 1610 novello,
1185 1580 1251 1605 nato
1269 1586 1323 1604 con
1340 1586 1379 1604 un
1396 1578 1468 1604 altro
1485 1576 1600 1610 figliono
1619 1582 1701 1602 nome
1720 1573 1837 1600 Goanne
1854 1579 1872 1598 a
1883 1578 1942 1597 uno

1045 1628 1172 1660 portato.

845 1797 1028 1835 ANNO
1071 1798 1189 1836 1365

1374 1929 1440 1956 (eod.
1454 1929 1485 1956 9⁹,
1500 1935 1521 1950 c.
1538 1928 1576 1949 132
1589 1927 1623 1954 v.)

1137 1987 1175 2011 M.
1193 1986 1285 2012 Rosso
1303 1986 1332 2012 di
1348 1987 1412 2011 Rici
1428 1985 1464 2011 da
1481 1986 1618 2010 Fiorenza
1635 1981 1712 2008 intro
1729 1977 1845 2014 podesta
1864 1986 1881 2004 a
1892 1979 1947 2005 Ka-

1048 2034 1123 2060 lendi
1142 2035 1171 2060 di
1188 2042 1290 2061 zenaro
1308 2037 1335 2061 et
1352 2034 1384 2061 fu
1401 2035 1525 2068 sinigato
1543 2034 1583 2059 M.
1596 2030 1762 2066 Raymondo
1774 2030 1804 2055 di
1815 2027 1948 2055 Tolomei

1048 2082 1164 2115 podest&
1176 2084 1301 2116 vecchio3
1314 2085 1336 2109 li
1347 2083 1380 2110 fu
1391 2085 1511 2116 apposto
1525 2083 1611 2109 molte
1624 2080 1782 2111 ribaldarie‚
1795 2079 1826 2104 in
1838 2077 1947 2110 tegnire

1048 2131 1156 2158 femene
1183 2140 1234 2165 per
1251 2132 1329 2159 forza
1346 2140 1361 2158 e
1379 2134 1410 2158 in
1429 2133 1539 2158 iustitie
1568 2138 1618 2164 per
1641 2130 1733 2155 dinari
1751 2136 1766 2153 e
1789 2127 1948 2152 tormentar

1050 2181 1165 2207 homeru
1183 2189 1266 2208 senza
1283 2188 1388 2207 taxone
1405 2188 1420 2206 e
1438 2189 1495 2207 uno
1507 2188 1543 2206 ne
1555 2179 1612 2205 fece
1625 2179 1729 2204 morire
1741 2183 1807 2203 suso
1819 2176 1847 2200 la
1858 2172 1949 2204 corda,

1050 2231 1080 2255 et
1097 2231 1214 2256 essendo
1232 2238 1392 2265 per—essere
1410 2230 1568 2256 condanato
1587 2236 1616 2254 se
1633 2235 1668 2253 ne
1686 2224 1745 2259 fugi
1762 2226 1789 2251 al
1812 2221 1950 2250 cardinale

1049 2278 1100 2304 che
1119 2279 1147 2304 lo
1165 2279 1301 2310 favoriva,
1321 2281 1350 2304 et
1368 2287 1426 2305 non
1444 2279 1545 2304 voleva
1556 2278 1606 2303 che
1618 2276 1694 2302 fusse
1712 2274 1879 2304 condanato,
1892 2276 1951 2295 non

1052 2327 1081 2353 di
1099 2335 1181 2354 meno
1199 2328 1231 2354 fu
1249 2328 1426 2354 condemnato
1444 2336 1462 2354 a
1480 2328 1572 2352 morte
1590 2334 1605 2352 e
1623 2323 1683 2359 fugi
1701 2324 1733 2349 de
1744 2324 1772 2349 la
1789 2319 1845 2348 cita
1856 2326 1952 2345 nasco-

1053 2377 1108 2408 sto,
1126 2377 1199 2403 unde
1217 2385 1267 2410 per
1284 2378 1383 2410 questo
1402 2383 1431 2402 se
1449 2375 1508 2406 livo
1526 2366 1635 2409 grande
1648 2380 1762 2399 rumore
1785 2370 1832 2396 nel
1854 2368 1952 2402 palazo

1058 2433 1072 2450 e
1093 2426 1175 2451 molti
1201 2426 1318 2451 citadini
1344 2425 1493 2451 cridavano
1512 2424 1545 2449 de
1562 2424 1617 2449 tale
1641 2422 1785 2448 iniustitia
1806 2418 1879 2446 unde
1903 2423 1953 2449 per

1055 2476 1154 2507 questo
1172 2475 1197 2499 el
1214 2475 1351 2501 cardinale
1369 2482 1403 2499 ne
1420 2474 1478 2499 fece
1496 2474 1612 2506 pigliare
1624 2471 1751 2504 alquanti
1764 2471 1792 2494 et
1805 2467 1884 2494 {eceli
1895 2468 1953 2492 tor-

1056 2524 1180 2549 mentare
1198 2523 1241 2549 fra
1259 2524 1334 2556 quali
1350 2523 1382 2549 fu
1401 2524 1441 2549 M.
1459 2522 1596 2555 Federigo
1610 2521 1723 2553 medego
1736 2519 1769 2544 de
1782 2518 1953 2545 Portanova,

1054 2579 1069 2597 e
1087 2572 1120 2598 de
1138 2574 1234 2605 questo
1253 2573 1278 2598 el
1295 2572 1437 2598 cardinale
1455 2571 1544 2597 hebbe
1569 2571 1699 2595 biaxemo
1723 2569 1806 2594 assai.
1842 2566 1954 2591 Iacomo

1055 2621 1084 2646 di
1103 2622 1226 2648 Matthio
1245 2622 1274 2648 di
1292 2622 1435 2648 Bianchiti
1453 2621 1529 2647 volae
1546 2619 1716 2654 pergmoglie
1728 2617 1877 2652 ⁴madonna
1887 2613 1954 2648 {ca-

1055 2671 1139 2696 telina
1156 2672 1260 2705 figliola
1276 2671 1308 2696 de
1326 2671 1440 2696 Zoanne
1457 2670 1486 2696 di
1503 2670 1600 2696 Ursini
1617 2670 1650 2694 de
1666 2669 1766 2694 Roma.
1783 2667 1822 2693 M.
1841 2667 1955 2691 Zoanne

1057 2721 1198 2747 Caldarim
1216 2720 1331 2746 doctore
1348 2719 1540 2754 fiamosissimo
1560 2716 1634 2744 morl
1651 2719 1684 2744 in
1701 2717 1803 2750 questo
1821 2721 1907 2741 anno.
