2242 3418
73 838 93 852 c.
110 836 149 852 110
161 832 173 851 h

46 1313 124 1336 Misit.¹
141 1311 178 1334 177

160 1638 175 1651 a

136 2654 146 2667 ι
162 2648 174 2668 b

261 156 308 192 64
800 157 1083 193 MATTHAEI
1111 158 1182 192 DE
1219 157 1566 194 GRIFFONIBUS
1953 166 2003 201 [A.
2023 168 2106 202 1361]

343 289 475 322 Eodem
498 299 600 328 anno,
626 290 681 322 die
704 290 815 332 primo
838 290 974 333 aprelis.
992 309 1034 315 --
1059 291 1153 323 Gens
1177 290 1307 323 domini
1330 289 1543 323 Bernabovis
1566 291 1609 323 de
1625 290 1897 326 Vicecomitibus
1911 303 1974 335 per
1988 294 2107 336 prodi-

253 342 380 374 tionem
405 342 523 374 habuit
547 348 695 375 castrum
719 343 945 376 Montisbellii
968 350 1002 377 et
1025 343 1224 376 Tarlatinus
1249 344 1292 376 de
1314 342 1446 381 Aretio,
1471 343 1672 385 capitaneus
1701 344 1786 377 dicti
1810 347 1914 378 castri
1944 356 2008 389 pro
2038 347 2108 379 Ec—

253 395 368 433 clesia,
393 401 566 438 tamquam
582 397 740 438 proditor
763 397 860 430 dedit
876 397 972 430 illud.
1020 397 1092 436 Qui
1115 397 1316 429 Tarlatinus
1338 401 1458 439 postea
1481 407 1544 439 per
1566 397 1739 429 modicum
1764 403 1907 441 tempus,
1924 401 2106 433 occasione

253 449 367 480 dictae
389 449 604 490 proditionis,
629 450 696 482 fuit
719 459 902 493 suspensus
924 461 987 493 per
1008 451 1124 494 gulam
1148 461 1250 492 super
1272 451 1388 492 platea
1411 450 1565 482 comunis
1587 449 1775 484 Bononiae.

340 502 472 534 Eodem
496 511 598 541 anno,
624 503 667 535 de
690 514 805 535 mense
828 504 920 547 maji.
953 523 994 526 —
1025 504 1147 536 Dictus
1171 503 1327 535 dominus
1350 502 1526 535 Bernabos
1549 503 1752 536 Vicecomes
1781 506 2006 547 personaliter
2028 518 2107 539 cum
2153 506 2171 539 5

251 554 411 598 gentibus
435 555 502 587 suis
525 556 619 587 venit
643 567 745 598 super
761 557 925 589 comitatu
948 557 1126 589 Bononiae
1149 562 1184 588 et
1199 555 1335 588 obsedit
1351 561 1500 588 castrum
1524 556 1686 589 Plumatii
1708 558 1903 599 proditione
1927 560 2106 604 cujusdam

253 609 296 640 de
321 609 422 640 domo
446 609 489 640 de
514 609 650 648 Guecis,
676 610 735 652 qui
759 609 871 642 stabat
894 611 930 642 in
953 611 1028 652 ipso
1052 615 1176 642 castro.
1222 609 1347 641 Postea
1370 609 1456 641 fecit
1479 609 1552 642 fieri
1575 619 1678 642 unam
1708 610 1867 644 bastitam
1898 613 1944 645 ad
1967 619 2106 655 pontem

252 661 380 700 Rheni,
404 671 507 693 unam
529 662 631 694 aliam
656 663 701 695 ad
724 669 864 705 pontem
888 663 1105 696 Cortexellae
1128 668 1163 695 et
1185 663 1288 694 aliam
1311 663 1357 695 ad
1380 668 1522 705 pontem
1546 664 1656 695 sancti
1679 663 1800 696 Rofilli
1822 665 1980 698 inchoari
2010 667 2105 699 fecit.

341 714 473 746 Eodem
497 725 599 748 anno.
624 735 665 738 —
689 716 767 748 Duo
791 717 964 759 quarteria
994 716 1181 755 Bononiae,
1206 716 1369 748 videlicet
1392 721 1513 758 portae
1541 716 1632 749 Steri
1663 722 1698 749 et
1728 723 1848 759 portae
1878 718 2105 759 Ravennatis,

251 769 389 800 iverunt
412 768 458 800 ad
482 767 642 801 bastitam
668 770 711 802 de
734 769 907 807 Colorem,
932 780 1035 802 causa
1058 769 1210 802 habendi
1233 770 1352 811 ipsam.
2133 774 2172 806 10

341 821 474 854 Eodem
491 831 582 854 anno
602 823 696 855 1361.
715 841 756 845 -—
773 823 850 854 Duo
866 823 935 854 alia
951 823 1124 866 quarteria
1140 823 1260 865 populi
1276 822 1496 855 bononiensis
1511 823 1647 856 iverunt
1663 825 1709 857 ad
1726 825 1854 857 dictam
1870 824 2039 866 bastitam‚
2056 827 2107 859 vi·-

254 875 379 907 delicet
403 875 576 918 quarteria
599 876 710 908 sancti
733 875 827 908 Petri
843 881 877 908 et
893 881 1014 918 portae
1030 876 1140 908 sancti
1156 875 1307 914 Proculi,
1324 881 1358 908 et
1375 877 1469 918 capti
1492 877 1632 909 fuerunt
1655 878 1754 909 multi
1777 879 1870 911 cives
1892 884 1926 911 et
1943 879 2039 912 ducti
2061 880 2107 912 ad

251 927 409 960 Castrum
432 928 629 961 Franchum
652 939 715 971 per
737 934 857 973 gentes
873 929 1003 962 domini
1019 928 1243 962 Bernabovis.
1289 929 1423 961 Tamen
1447 929 1574 962 bastita
1600 935 1683 963 tunc
1707 937 1742 964 et
1764 937 1842 974 post
1864 933 1959 965 facta
1982 932 2050 965 fuit
2073 938 2107 966 et

250 982 422 1024 completa
444 992 507 1024 per
529 987 649 1025 gentes
671 992 832 1015 romanae
856 982 1044 1015 Ecclesiae.

340 1034 472 1067 Eodem
496 1044 599 1074 anno,
624 1036 667 1068 de
691 1045 806 1068 mense
827 1036 929 1080 junii,
955 1036 1013 1068 die
1036 1045 1096 1068 xx·
1123 1054 1163 1059 —
1189 1036 1318 1069 Gentes
1342 1036 1437 1069 illius
1459 1037 1680 1079 perfidissimi
1704 1039 1855 1082 tyranni,
1873 1039 2005 1072 domini
2021 1040 2106 1073 Ber·
2133 1038 2171 1072 15

251 1088 396 1121 nabovis
421 1088 657 1128 Vicecomifis,
683 1099 828 1131 quorum
852 1089 1055 1131 capitaneus
1078 1095 1153 1122 erat
1177 1090 1343 1124 dominus.
1366 1090 1543 1133 Johannes
1567 1091 1611 1123 de
1640 1091 1818 1135 Bixeculo,
1842 1092 1941 1125 miles
1964 1093 2008 1125 de
2029 1093 2106 1126 Me-

252 1141 403 1180 diolano,
432 1141 571 1174 sortiter
601 1142 761 1175 artabant
793 1152 939 1175 comune
970 1148 1004 1174 et
1036 1142 1215 1175 civitatem
1242 1142 1421 1175 Bononiae
1445 1144 1624 1186 ipsamque
1655 1144 1870 1187 obsidebant,
1895 1146 1978 1190 quia
2009 1146 2106 1189 quasi

250 1194 365 1227 nullus
387 1200 522 1237 poterat
557 1195 652 1227 exire
675 1201 772 1228 extra
795 1201 830 1228 et
853 1195 969 1228 corbis
1000 1196 1136 1228 farinae
1159 1195 1297 1228 valebat
1327 1195 1435 1228 libras
1466 1202 1615 1239 quatuor
1649 1197 1902 1230 bononinorum
1925 1205 1960 1231 et
1991 1199 2107 1232 farina

251 1247 493 1291 asportabatur
514 1248 707 1281 Bononiam
725 1249 768 1281 de
784 1249 1028 1288 Romandiola‚
1053 1249 1184 1281 Tuscia
1207 1254 1241 1281 et
1266 1250 1309 1282 de
1324 1249 1521 1282 Mutiliana.
1569 1250 1672 1283 Unde
1689 1251 1785 1284 dicta
1799 1262 1884 1295 gens
1901 1252 2107 1286 deliberavit

255 1302 373 1334 iacere
396 1312 500 1333 unam
523 1302 686 1335 bastitam
701 1303 748 1335 ad
764 1308 919 1335 sanctum
943 1302 1120 1341 Rofillum,
1137 1313 1180 1334 ne
1204 1303 1371 1336 victualia
1393 1303 1461 1335 huc
1486 1304 1618 1346 portari
1641 1304 1799 1346 possent:
1815 1311 1854 1338 ut
1872 1306 2107 1340 Bononienses
2130 1307 2172 1339 20

249 1365 285 1387 se
308 1355 492 1387 redderent
514 1361 658 1398 propter
681 1356 807 1388 samem
831 1361 866 1388 et
888 1361 1076 1398 posuerunt
1100 1367 1197 1388 suum
1214 1367 1374 1399 campum
1396 1357 1442 1389 ad
1465 1363 1621 1390 sanctum
1645 1358 1819 1391 Rofillum.
1861 1358 1930 1391 Sed
1953 1365 2107 1402 pastores

250 1408 429 1440 Ecclesiae
452 1414 486 1441 et
509 1408 668 1440 dominus
690 1408 875 1442 Malatesta
898 1419 1003 1441 senex
1027 1409 1070 1441 de
1092 1409 1285 1442 Malatestis
1307 1414 1341 1441 et
1372 1409 1529 1442 dominus
1561 1411 1740 1443 Galaottus
1771 1412 1815 1444 de
1844 1411 2036 1445 Malatestis
2064 1423 2107 1445 ac

250 1461 353 1494 etiam
376 1461 536 1494 dominus
557 1460 729 1505 Aegidius
752 1462 939 1494 cardinalis
962 1462 1242 1495 deliberaverunt
1264 1463 1449 1505 providere
1465 1463 1664 1505 praedictis,
1689 1465 1783 1507 quod
1805 1475 1869 1507 pro
1893 1471 1990 1507 parte
2006 1466 2108 1498 unius

249 1515 353 1547 amici
376 1515 550 1557 capitanei
573 1515 730 1554 Forlivii,
754 1515 814 1558 qui
837 1521 911 1548 erat
934 1526 1012 1548 cum
1036 1516 1139 1548 dictis
1161 1516 1322 1560 gentibus
1345 1516 1382 1548 in
1406 1526 1529 1558 campo
1559 1517 1606 1549 ad
1636 1523 1792 1550 sanctum
1815 1518 1992 1558 Rofillum,
2023 1519 2109 1551 scri-

250 1567 389 1600 beretur
411 1578 480 1600 una
503 1569 606 1601 litera
628 1568 741 1601 eidem
765 1568 958 1611 capitaneo,
983 1570 1077 1612 quod
1100 1569 1175 1612 ipse
1206 1569 1344 1602 volebat
1375 1569 1442 1602 sibi
1474 1570 1558 1602 dare
1589 1571 1766 1603 civitatem
1797 1572 1956 1611 Forlivii,
1980 1572 2009 1605 si
2033 1572 2107 1614 ipse
2130 1571 2172 1604 25

250 1621 317 1653 iret
340 1631 419 1653 cum
442 1621 603 1665 gentibus
626 1622 828 1654 Forlivium.
876 1622 957 1661 Qua
979 1622 1081 1655 litera
1104 1621 1234 1662 habita,
1267 1623 1381 1655 dictus
1412 1623 1495 1655 olim
1519 1623 1736 1665 capitaneus'
1760 1625 1919 1664 Forlivii,
1943 1625 2108 1658 videlicet

250 1675 410 1707 dominus
432 1675 641 1708 Franciscus
658 1675 701 1707 de
717 1675 908 1714 Ordelaffis,
933 1675 1141 1708 deliberavit
1159 1676 1327 1708 accedere
1351 1681 1386 1709 et
1409 1676 1459 1708 sic
1484 1676 1549 1709 ivit
1572 1677 1801 1719 personaliter
1823 1688 1902 1710 cum
1925 1682 2006 1720 V11J⁰
2029 1679 2108 1712 bar-

250 1727 342 1760 butis
350 1740 359 1766 3
384 1727 434 1760 ita
461 1728 555 1771 quod
578 1729 767 1773 smagravit
790 1739 950 1772 campum
974 1728 1107 1761 domini
1132 1729 1355 1762 Bernabovis.
1402 1729 1504 1762 Tunc
1536 1729 1696 1763 dominus
1726 1730 1860 1774 legatus
1890 1731 1978 1764 fecit
2009 1743 2107 1764 suum

250 1781 437 1814 exfortium
460 1782 616 1825 gentium
638 1793 811 1815 armorum
834 1788 869 1815 et
891 1781 986 1815 misit
1008 1793 1072 1825 pro
1096 1782 1261 1815 subsidiis
1283 1788 1318 1815 et
1341 1793 1418 1815 suas
1434 1788 1553 1826 gentes
1569 1782 1736 1816 adunavit
1753 1784 1790 1816 in
1813 1784 1931 1817 Imola.
1977 1785 2023 1817 Et
2044 1795 2108 1828 po·-

250 1835 329 1867 dius
350 1835 470 1878 Jeulae
494 1835 701 1868 fortificatus
724 1841 798 1868 erat
821 1847 925 1879 supra
948 1846 1118 1878 campum,
1143 1836 1193 1868 ita
1217 1836 1311 1879 quod
1334 1836 1378 1877 de
1400 1836 1477 1878 ipso
1507 1837 1614 1878 podio
1645 1837 1831 1870 videbatur
1861 1843 1981 1877 totum,
2013 1838 2108 1882 quod
2130 1839 2174 1870 30

250 1888 422 1921 fatiebant
445 1888 498 1921 illi
522 1888 566 1921 de
593 1899 728 1931 campo.
774 1888 819 1922 Et
842 1889 923 1921 dum
948 1889 1097 1932 quadam
1121 1889 1179 1921 die
1202 1895 1316 1922 scorta
1339 1889 1459 1921 ivisset
1490 1889 1535 1922 ad
1565 1889 1783 1922 Mulinellam
1813 1901 1877 1933 pro
1901 1891 2112 1924 victualibus

249 1941 419 1974 habendis
434 1947 468 1974 et
483 1952 626 1984 campus
648 1948 736 1975 esset
759 1942 960 1982 minoratus,
984 1947 1104 1986 gentes
1127 1942 1307 1975 Ecclesiae
1323 1942 1367 1975 de
1387 1943 1623 1975 Romandiola
1646 1949 1814 1976 venerunt
1830 1954 1893 1986 per
1908 1945 2107 1977 stradellum

250 1995 294 2027 de
316 1995 432 2027 medio
455 2000 489 2027 et
512 1995 756 2038 applicuerunt
778 1995 958 2028 Bononiae
975 1995 1070 2028 circa
1086 2006 1110 2027 v
1126 1995 1246 2028 horam
1262 1995 1385 2034 noctis,
1403 1995 1496 2039 quod
1511 1996 1639 2039 aliquis
1663 1997 1821 2030 nescivit.
1867 1997 2001 2030 Tamen
2024 2002 2107 2030 tunc

249 2048 286 2080 in
309 2048 468 2080 Bononia
491 2054 590 2081 erant
612 2048 745 2081 detenti
768 2048 902 2081 antiani
930 2054 965 2081 et
995 2049 1169 2091 sapientes
1191 2059 1347 2092 guerrae,
1373 2049 1432 2092 qui
1458 2049 1617 2082 dixerant
1640 2050 1758 2093 aliqua
1782 2049 1898 2090 verba,
1930 2051 2024 2094 quod
2047 2061 2108 2084 vo-

249 2101 368 2135 lebant
391 2102 481 2134 scire
505 2102 591 2145 quid
614 2102 763 2135 debebat
786 2112 860 2134 esse
883 2102 927 2134 de
950 2102 1056 2134 factis
1079 2102 1233 2134 civitatis
1248 2102 1439 2141 Bononiae,
1457 2113 1560 2145 quam
1576 2102 1743 2135 videbant
1760 2103 1876 2136 taliter
1898 2114 2107 2146 oppressam.
2131 2102 2173 2137 35

249 2156 294 2188 Et
315 2155 429 2198 posita
451 2161 526 2188 erat
549 2155 643 2187 fama
667 2155 761 2199 quod
784 2155 873 2188 dicti
897 2155 1029 2188 detenti
1061 2155 1234 2188 debebant
1265 2165 1384 2188 omnes
1411 2155 1614 2198 decapitari.
1662 2156 1706 2189 Et
1736 2162 1830 2195 tunc,
1855 2157 1913 2189 die
1936 2167 1987 2189 xx
2006 2157 2107 2200 junii,

249 2209 398 2252 populus
420 2201 599 2241 Bononiae
622 2219 658 2242 se
680 2209 828 2241 armavit
851 2214 885 2241 et
902 2218 1071 2251 campana
1086 2209 1208 2251 populi
1224 2208 1426 2251 pulsabatur
1447 2215 1481 2241 et
1504 2218 1589 2253 gens
1605 2209 1824 2242 inimicorum
1849 2210 1999 2244 credidit
2014 2211 2109 2254 quod

248 2263 400 2305 pulsaret
424 2272 594 2305 campana
616 2271 680 2305 pro
701 2262 837 2306 justitia
860 2262 974 2295 fienda
1001 2262 1045 2294 de
1076 2262 1181 2295 dictis
1205 2262 1357 2295 antianis
1379 2268 1414 2295 et
1444 2263 1595 2295 dominis
1625 2263 1830 2296 officialibus
1861 2274 2016 2307 guerrae.
2063 2264 2109 2296 Et

250 2321 370 2361 gentes
392 2316 582 2355 Ecclesiae,
607 2326 697 2359 quae
709 2320 818 2355 erant,
834 2321 872 2348 ut
889 2315 1031 2355 dicitur,
1047 2325 1075 2348 M
1090 2316 1235 2359 equites,
1252 2322 1287 2348 et
1302 2316 1450 2359 populus
1466 2316 1689 2349 bononiensis
1706 2326 1784 2348 cum
1800 2317 1861 2355 eis,
1879 2327 1958 2349 cum
1982 2317 2108 2360 quibus

249 2375 322 2402 erat
346 2370 405 2402 ille
428 2375 586 2402 strenuus
608 2368 717 2407 miles,
742 2369 903 2401 dominus
927 2368 1106 2401 Gometius
1130 2368 1274 2401 Garsiae
1298 2369 1341 2401 de
1363 2367 1584 2408 Albornotio,
1616 2378 1723 2412 nepos
1751 2369 1884 2402 domini
1908 2369 2107 2409 cardinalis,
2132 2371 2174 2402 40

250 2428 366 2456 rector
388 2422 577 2461 Bononiae,
602 2422 763 2454 dominus
787 2422 968 2454 Galaottus
991 2427 1026 2454 et
1049 2422 1210 2454 dominus
1239 2422 1424 2455 Malatesta
1454 2423 1616 2467 Ungarus
1648 2423 1691 2455 de
1721 2423 1924 2462 Malatestis,
1949 2423 2108 2456 dominus

249 2477 371 2509 Petrus
387 2477 430 2509 de
447 2475 620 2508 Famexio
643 2474 742 2507 miles
758 2481 792 2508 et
808 2475 968 2508 dominus
991 2474 1196 2508 Femandus
1220 2475 1383 2518 Yspanus
1406 2481 1557 2518 potestas
1572 2476 1761 2520 Bononiae,
1777 2482 1812 2509 et
1828 2476 1977 2509 viriliter
1991 2485 2108 2509 acces-

250 2537 366 2563 serunt
388 2530 433 2562 ad
450 2530 615 2562 Sanctum
639 2529 805 2561 Rofillum
828 2534 862 2561 et
884 2528 1135 2561 insultaverunt
1158 2539 1317 2572 campum
1341 2529 1562 2564 inimicorum
1585 2535 1619 2562 et
1643 2530 1679 2561 in
1703 2530 1815 2572 spatio
1839 2530 1983 2562 duarum
2006 2530 2108 2562 hora-

249 2596 335 2623 rum,
360 2584 483 2616 divina
506 2583 620 2627 gratia
644 2583 795 2621 favente,
818 2587 1007 2624 posuerunt
1030 2591 1148 2614 omnes
1171 2582 1299 2615 acriter
1322 2583 1359 2615 in
1384 2583 1584 2616 conflictum
1611 2589 1646 2616 et
1676 2592 1794 2615 omnes
1817 2584 1958 2615 fuerunt
1980 2583 2107 2615 mortui

251 2637 321 2670 vel'
346 2637 440 2680 capti
464 2642 498 2669 et
522 2641 614 2669 totus
637 2646 780 2677 campus
802 2635 871 2668 fuit
895 2634 1080 2667 derobatus
1103 2641 1137 2668 et
1161 2645 1262 2668 nemo
1285 2637 1433 2669 evadere
1455 2637 1579 2679 potuit.
1627 2636 1697 2669 Sed
1721 2636 1880 2668 dominus
1903 2635 2108 2668 Fernandus
2131 2634 2172 2668 45

247 2691 291 2723 de
306 2690 476 2732 Hispania
491 2694 641 2732 potestas
664 2687 715 2720 ibi
738 2693 892 2721 mortuus
908 2688 976 2720 fuit
991 2693 1026 2720 et
1042 2688 1157 2721 dictus
1173 2689 1333 2722 dominus
1357 2690 1536 2722 Gometius
1558 2690 1627 2722 fuit
1650 2689 1857 2722 vulneratus.
1904 2689 1948 2721 Et
1971 2689 2007 2720 in
2031 2689 2108 2731 ipso

251 2744 415 2777 conflictu
431 2743 500 2775 fuit
514 2743 630 2774 factus
651 2741 750 2774 miles
773 2740 932 2774 dominus
955 2741 1096 2784 Eganus
1111 2742 1155 2774 de
1170 2742 1404 2775 Lambertinis
1419 2744 1463 2775 de
1479 2742 1647 2775 Bononia.
1694 2742 1765 2781 Qui
1783 2742 1942 2774 dominus
1957 2747 2108 2784 potestas

248 2802 404 2840 portatus
419 2796 487 2828 fuit
502 2794 695 2828 Bononiam
718 2799 753 2827 et
775 2795 928 2838 sepultus
950 2795 1019 2827 fuit
1042 2795 1232 2828 honorifice
1255 2796 1301 2829 ad
1325 2795 1490 2829 Sanctum
1507 2795 1736 2829 Franciscum
1754 2796 1901 2828 fratrum
1918 2794 2106 2827 Minorum.

340 2921 374 2955 36
392 2922 434 2947 Al
442 2923 532 2956 primo
549 2922 586 2948 Et
603 2930 685 2955 segue
703 2922 836 2947 dommus
853 2922 962 2955 legatus
980 2922 1128 2948 cancellato
