2242 3418
92 622 111 637 c.
129 620 171 639 143
186 622 199 635 a

87 1203 106 1219 t.
122 1202 164 1221 ¹⁴³
178 1198 190 1217 b

85 1675 161 1700 Mum,
175 1674 212 1694 201

82 1998 103 2013 c.
116 1997 158 2015 14⁴
171 1999 185 2011 a

282 157 327 192 84
818 150 1099 187 MATTHAEI
1128 148 1197 183 DE
1228 146 1577 183 GRIFFONIBUS
1834 152 1918 188 [ΑΔ.
1937 156 2120 190 iaso-1:392]

276 287 429 320 marchio
452 285 631 318 Ferrariae
654 289 687 316 et
711 283 870 315 dominus
893 282 1103 314 Mantuanus
1128 279 1370 312 diffidaverunt
1393 287 1539 311 comune
1554 276 1743 312 Bononiae.
1790 279 1861 313 Sed
1885 280 1942 314 die
1965 282 2118 314 secundo

276 341 368 384 maji,
392 350 536 372 comune
558 337 735 370 Bononiae
757 336 851 368 misit
873 340 992 379 gentes
1015 344 1092 366 suas
1115 332 1264 365 viriliter
1286 332 1333 364 ad
1348 331 1574 374 equitandum
1597 336 1632 364 et
1654 331 1890 366 insultandum
1906 334 2118 367 territorium

277 393 408 426 domini
436 390 654 424 marchionis.
919 415 928 422 .

362 446 492 478 Eodem
504 444 694 476 millesimo.
709 462 749 465 —
761 442 925 474 Albertus
938 442 981 474 de
994 436 1212 473 Griffonibus
1225 439 1327 470 duxit
1339 438 1375 469 in
1392 448 1535 470 uxorem
1551 438 1767 478 Beatrisiam,
1781 440 1885 472 filiam
1900 441 2117 473 domicellam

275 500 355 532 olim
373 498 504 531 domini
527 496 666 530 Nicolai
683 497 727 529 de
743 496 892 529 Castello
909 496 1022 538 legum
1036 492 1199 531 doctoris,
1217 502 1280 534 pro
1298 502 1366 534 qua
1384 491 1505 524 habuit
1530 492 1573 524 de
1591 492 1671 524 dote
1688 493 1778 525 ultra
1793 496 1871 534 111J¹¹¹
1888 494 1994 526 libras
2010 494 2118 527 bono·
2164 493 2182 526 5

274 553 431 584 ninorum
448 551 484 582 in
500 550 630 593 pulcris
653 547 922 591 possessionibus
938 553 972 579 et
988 546 1082 578 mille
1098 545 1204 578 libras
1220 544 1474 577 bononinorum
1490 544 1527 576 in
1544 545 1694 587 pecunia
1717 552 1903 579 numerata.

361 604 491 637 Eodem
514 601 839 640 M.CCCLXXXX‚
864 600 921 633 die
946 609 1021 631 xxx
1043 599 1143 642 junii.
1170 617 1211 621 —
1235 597 1372 630 Positus
1398 597 1466 630 fuit
1490 598 1621 640 primus
1645 598 1734 640 lapis
1757 599 1975 633 aedificando
2006 601 2118 633 eccle-

273 658 357 690 siam
379 656 490 689 sancti
513 655 679 688 Petronii.

360 710 491 743 Eodem
513 718 615 747 anno,
640 708 697 741 die
720 717 827 748 xvn1J
849 706 950 750 junii.
977 724 1018 728 —
1041 705 1211 738 Dominus
1235 703 1445 737 Franciscus
1468 705 1636 737 Novellus
1659 706 1703 738 de
1725 705 1870 739 Cararia
1900 708 2119 750 recuperavit

271 764 435 802 Paduam,
459 768 605 805 excepto
629 761 781 799 castello,
805 760 898 803 quod
922 759 1099 791 castellum
1123 757 1244 790 habuit
1268 763 1387 800 postea
1411 758 1455 790 de
1477 767 1593 790 mense
1616 758 1763 802 augusti.
2146 761 2185 794 10

359 817 489 850 Eodem
512 825 614 854 anno,
639 815 696 847 die
720 824 795 846 xxv
816 813 907 857 julii.
932 831 973 835 -—-
999 812 1134 845 Civitas
1156 811 1328 850 Veronae,
1354 822 1457 854 quam
1481 810 1620 843 tenebat
1645 812 1805 844 dominus
1835 813 2040 853 Mediolani,
2065 825 2118 846 re-

271 869 411 902 bellavit
434 880 479 908 se,
503 869 598 901 salva
621 867 794 905 citadella‚
826 877 928 909 quam
960 864 1180 907 stipendiarii
1205 864 1338 896 domini
1370 863 1576 896 retinebant.
1622 864 1668 897 Et
1693 865 1737 897 de
1761 865 1856 898 dicto
1880 877 1995 899 mense
2022 867 2118 912 Ugo-

271 923 359 955 lotus
381 921 630 959 Bianchardus,
654 919 900 962 stipendiarius
924 918 1062 950 comitis
1084 917 1274 956 Virtutum,
1299 927 1378 949 cum
1401 917 1563 961 gentibus
1595 917 1683 950 dicti
1714 918 1862 958 comitis,
1886 930 1965 952 cum
1989 920 2119 954 bande-

270 975 332 1007 riis
355 974 486 1007 domini
510 975 554 1007 de
577 973 745 1007 Chararia
770 973 813 1004 de
847 971 979 1009 Padua,
1003 971 1166 1015 fingendo
1198 980 1401 1003 succurrere
1431 971 1598 1013 populum
1633 981 1868 1012 veronensem,
1903 973 2119 1007 intraverunt

269 1028 442 1060 Veronam
465 1033 499 1059 et
523 1027 632 1069 ipsam
657 1025 910 1058 derobaverunt
934 1030 968 1056 et
991 1029 1179 1066 posuerunt
1203 1024 1250 1056 ad
1273 1033 1507 1056 sacomanum.
2144 1028 2181 1060 10

356 1081 488 1113 Eodem
511 1090 613 1118 anno,
639 1079 696 1111 die
718 1078 831 1121 primo
856 1076 1061 1110 novembris.
1086 1096 1127 1099 —
1153 1076 1228 1109 Pax
1253 1076 1399 1109 bandita
1422 1076 1491 1109 fuit
1522 1077 1614 1110 inter
1649 1077 1782 1111 dictum
1817 1079 2054 1113 marchionem
2083 1087 2119 1114 et

269 1144 347 1166 suos
369 1140 403 1166 et
426 1133 618 1167 Bononiam
642 1138 676 1165 et
699 1133 816 1176 ligam.

357 1185 698 1220 M.CCCLXXXX1.
725 1204 766 1208 —
789 1185 999 1229 Magnificus
1023 1184 1192 1223 dominus,
1218 1183 1378 1217 dominus
1393 1183 1568 1223 Albertus‚
1591 1185 1746 1218 Estensis
1768 1186 1935 1226 marchio,
1960 1188 2119 1220 dominus

268 1239 449 1273 Ferrariae
471 1245 506 1272 et
527 1240 685 1272 Mutinae
708 1244 785 1277 ete„
810 1249 888 1270 cum
913 1238 1035 1280 pulcra
1058 1238 1225 1270 comitiva
1249 1237 1410 1270 transivit
1426 1248 1489 1280 per
1504 1236 1697 1271 Bononiam
1715 1239 1758 1272 de
1773 1249 1889 1272 mense
1911 1241 2040 1280 martii,
2057 1241 2118 1285 qui

267 1293 427 1326 veniebat
451 1294 494 1326 de
516 1293 640 1331 Roma,
664 1297 699 1324 et
721 1293 835 1324 factus
858 1291 927 1323 fuit
951 1290 1018 1323 sibi
1041 1300 1186 1335 magnus
1209 1291 1321 1323 honor
1342 1291 1380 1322 in
1404 1290 1572 1323 Bononia.
2141 1296 2184 1327 20

355 1347 488 1380 Eodem
512 1355 614 1385 anno,
639 1345 696 1378 die
721 1355 771 1377 xv
792 1345 894 1388 junii.
922 1363 963 1367 m
987 1343 1157 1376 Dominus
1179 1343 1322 1376 Marcus
1346 1344 1390 1377 de
1412 1344 1585 1388 Lignano,
1610 1345 1827 1379 decretorum
1856 1347 1990 1387 doctor,
2013 1358 2118 1381 cano-

267 1399 366 1432 nicus
387 1399 575 1438 Bononiae,
599 1399 667 1431 fuit
690 1408 872 1440 suspensus
896 1398 933 1429 in
958 1397 1110 1440 vesperis
1132 1397 1170 1429 in
1194 1397 1309 1440 platea
1332 1396 1521 1430 Bononiae.

355 1453 487 1486 Eodem
510 1462 612 1491 anno,
637 1453 682 1484 de
704 1461 821 1483 mense
842 1451 934 1495 julii.
958 1470 1000 1474 —
1023 1450 1193 1483 Dominus
1227 1460 1342 1483 comes
1378 1451 1421 1483 de
1455 1449 1681 1495 Armignaco‚
1716 1453 1825 1485 frater
1859 1454 1992 1487 domini
2026 1455 2118 1500 regis

267 1504 296 1536 F
299 1506 447 1545 ranciae,
471 1506 540 1539 fuit
570 1505 751 1538 conflictus
774 1516 795 1537 a
817 1504 980 1549 gentibus
1012 1504 1144 1537 domini
1179 1503 1374 1536 Mediolani
1410 1504 1502 1537 inter
1527 1503 1779 1539 Alexandriam
1803 1512 1837 1539 et
1860 1507 2060 1547 Cortonam,
2083 1514 2118 1541 et

268 1559 382 1591 dictus
404 1569 518 1592 comes
541 1559 640 1592 obiit.
2142 1560 2183 1594 25

354 1611 484 1645 Eodem
508 1621 610 1651 anno,
635 1612 678 1644 de
701 1621 816 1643 mense
841 1610 1047 1644 novembris.
1073 1630 1114 1634 —
1138 1610 1238 1644 Obiit
1269 1611 1430 1644 dominus
1456 1610 1663 1645 Beltrandus
1687 1614 1730 1646 de
1753 1612 1933 1653 Alidosiis,
1958 1615 2118 1648 dominus

267 1665 410 1703 Imolae3
427 1671 461 1698 et
476 1671 558 1697 tunc
575 1674 721 1698 comune
743 1664 923 1697 Bononiae
946 1664 1041 1696 misit
1065 1664 1207 1696 Imolam
1224 1663 1324 1696 duos'
1340 1664 1592 1698 ambaxiatores
1615 1676 1694 1698 cum
1717 1666 1959 1707 familiaribus,
1976 1668 2118 1701 indutos

265 1718 477 1751 vestimentis
500 1719 543 1751 de
567 1718 678 1762 nigro,
702 1718 749 1751 ad
771 1718 1011 1750 honorandum
1036 1727 1172 1760 corpus,
1196 1717 1363 1750 videlicet
1385 1718 1586 1751 Mathaeum
1611 1720 1654 1752 de
1678 1720 1897 1753 Griffonibus
1920 1727 1955 1754 et
1984 1721 2117 1754 Zanum

265 1770 388 1815 Vecoli
412 1772 456 1804 de
478 1771 666 1804 Malviciis.

351 1818 482 1857 Eodem
512 1834 615 1864 anno,
647 1825 690 1857 de
720 1834 836 1858 mense
868 1824 1071 1858 decembris.
1104 1843 1146 1848 -—
1179 1824 1334 1857 Comune
1364 1824 1543 1858 Bononiae
1573 1826 1667 1859 misit
1697 1826 1851 1859 Paduam
1882 1828 1919 1860 in
1950 1827 2117 1861 auxilium
2140 1830 2183 1862 30

264 1877 395 1910 domini
419 1877 569 1917 Paduae,
593 1877 646 1910 sui
669 1878 836 1922 colligati,
861 1884 999 1911 centum
1029 1878 1169 1911 lanceas
1191 1878 1346 1922 equitum
1376 1888 1549 1911 armorum
1580 1885 1615 1912 et
1645 1880 1811 1913 miserunt
1841 1881 2041 1914 Mathaeum
2072 1882 2116 1915 de

264 1930 482 1963 Griffonibus
503 1931 772 1963 ambaxiatorem
796 1942 875 1963 cum
899 1931 1004 1964 dictis
1027 1931 1196 1975 gentibus.

352 1983 713 2017 MCCCLXXXXII.
738 2002 780 2007 -—
802 1985 972 2017 Dominus
995 1984 1204 2018 Franciscus
1228 1985 1272 2017 de
1296 1985 1474 2029 Goncaga,
1498 1986 1659 2019 dominus
1681 1986 1858 2026 Mantuae,
1882 1988 1979 2021 venit
2001 1988 2116 2021 Bono-

264 2036 356 2068 niam
379 2042 414 2069 et
436 2037 502 2070 ivit
523 2037 672 2070 Romam
695 2047 773 2070 cum
804 2047 931 2081 magna
961 2038 1127 2071 comitiva
1157 2044 1191 2071 et
1226 2039 1341 2072 factus
1375 2039 1444 2071 fuit
1478 2039 1545 2072 sibi
1576 2050 1722 2083 magnus
1755 2041 1867 2073 honor
1901 2042 1938 2073 in
1973 2041 2117 2075 civitate

263 2089 450 2124 Bononiae.
2138 2094 2180 2128 35

349 2143 480 2176 Eodem
503 2153 606 2183 anno,
623 2145 666 2177 de
682 2155 798 2177 mense
813 2145 952 2187 aprelis,
968 2144 1027 2178 die
1042 2155 1081 2186 Χ]
1095 2145 1234 2188 aprelis.
1254 2164 1296 2169 —-
1313 2144 1396 2178 Fuit
1419 2145 1563 2179 bandita
1581 2152 1615 2179 et
1630 2147 1810 2189 publicata
1825 2148 1898 2192 liga
1914 2148 2010 2181 facta
2026 2148 2117 2181 inter

263 2205 408 2228 comune
429 2196 616 2240 Bononiae,
642 2207 794 2237 comune,
811 2197 1022 2238 Florentiae,
1046 2199 1284 2231 marchionem
1307 2198 1500 2239 Ferrariae,
1524 2199 1702 2233 dominum
1725 2200 1940 2240 Paduanum,
1957 2201 2115 2234 dominos

263 2248 306 2280 de
335 2249 515 2289 Ravenna,
539 2250 715 2283 dominum
739 2251 784 2283 de
806 2250 976 2284 Faventia
1006 2258 1041 2284 et
1071 2252 1249 2284 dominum
1280 2253 1408 2285 Imolae
1439 2253 1484 2285 ad
1515 2253 1752 2286 defensionem
1782 2259 1930 2287 statuum
1961 2254 2114 2287 omnium

262 2301 516 2342 praedictorum
540 2303 780 2347 colligatorum
804 2310 838 2336 et
862 2310 984 2337 contra
1007 2315 1242 2348 quoscumque
1265 2306 1352 2338 alios
1375 2306 1529 2339 volentes
1552 2317 1610 2339 eos
1633 2307 1822 2340 offendere.

350 2354 481 2387 Eodem
504 2356 572 2388 die.
597 2375 638 2380 —
661 2357 831 2390 Dominus
854 2368 969 2391 comes
990 2358 1166 2401 Johannes
1190 2359 1234 2391 de
1257 2357 1432 2392 Barbiano
1464 2359 1622 2393 discessit
1645 2360 1688 2392 de
1711 2359 1896 2400 Barbiano,
1921 2361 2015 2404 quod
2040 2367 2114 2394 erat
2137 2363 2179 2394 40

263 2417 370 2446 suum,
393 2414 427 2440 et
449 2409 535 2441 fecit
557 2419 660 2442 unam
684 2420 912 2453 compagnam
936 2416 970 2444 et
993 2411 1037 2443 de
1060 2421 1176 2444 mense
1199 2411 1281 2455 maji
1305 2412 1371 2445 ivit
1393 2413 1554 2456 Neapoli.

349 2460 479 2494 Eodem
502 2472 605 2501 anno,
629 2462 673 2495 de
697 2463 792 2495 dicto
815 2473 930 2496 mense
954 2463 1047 2507 maji.
1073 2483 1115 2488 —
1140 2465 1264 2498 Comes
1285 2464 1472 2499 Albericus
1496 2467 1539 2499 de
1562 2465 1738 2513 Barbiano
1763 2478 1842 2500 cum
1857 2468 1929 2501 suis
1951 2467 2113 2512 gentibus

262 2512 330 2545 fuit
353 2514 533 2547 conflictus
556 2515 593 2546 in
616 2516 772 2558 partibus
795 2517 945 2559 Neapoli
968 2528 1031 2559 per
1053 2518 1162 2550 filium
1185 2518 1286 2550 ducis
1310 2519 1353 2551 de
1376 2518 1489 2563 Anco,
1515 2520 1651 2553 inimici
1676 2521 1809 2553 domini
1841 2521 1934 2565 regis
1956 2521 2110 2554 charoli.

349 2566 479 2600 Eodem
502 2577 604 2607 anno,
629 2568 672 2601 de
695 2579 811 2602 mense
830 2569 920 2613 julii.
946 2589 987 2593 —
1011 2571 1181 2604 Dominus
1211 2572 1433 2612 Mantuanus,
1459 2573 1618 2606 dominus
1648 2574 1805 2606 marchio
1828 2574 1872 2606 de
1895 2573 2055 2606 Ferraria
2077 2579 2111 2606 et

260 2617 440 2662 Astorgius
463 2620 506 2652 de
528 2620 724 2662 Manfredis
740 2622 899 2656 dominus
922 2622 1113 2656 Faventiae
1129 2630 1297 2657 venerunt
1320 2625 1366 2658 ad
1389 2626 1640 2668 parlamentum
1656 2633 1690 2659 et
1713 2632 1796 2659 tunc
1820 2627 1953 2659 domini
1976 2627 2110 2659 amiani
2135 2625 2176 2659 45
2233 2651 2237 2655 μ

261 2672 417 2705 comunis
446 2671 623 2706 Bononiae
653 2675 813 2708 fecerunt
842 2676 916 2708 fieri
947 2687 1069 2719 pacem
1099 2677 1191 2710 inter
1214 2677 1346 2710 dictum
1371 2678 1548 2711 dominum
1572 2679 1807 2712 marchionem
1830 2685 1866 2712 et
1889 2680 2022 2712 dictum
2046 2680 2110 2712 do—

260 2724 389 2757 minum
413 2725 612 2766 Favenfiae,
636 2728 696 2770 qui
720 2734 819 2762 erant
842 2729 990 2763 inimici.

350 2778 480 2811 Eodem
512 2788 615 2819 anno,
646 2781 689 2813 de
719 2791 835 2814 mense
862 2782 951 2826 julii.
977 2802 1018 2806 ——
1049 2783 1206 2817 Comune
1236 2783 1415 2818 Bononiae
1446 2786 1540 2818 misit
1571 2786 1825 2819 ambaxiatores
1854 2786 1900 2819 ad
1932 2786 2110 2819 dominum

347 2905 426 2924 21-22
446 2900 555 2926 Notixia
574 2902 709 2934 aggiunta
722 2901 771 2935 pii:
789 2903 864 2929 tardi
882 2918 915 2923 --
935 2910 969 2937 ²4
988 2904 1156 2939 Cortonam]
1176 2906 1254 2931 Mun.
1274 2907 1524 2941 corr.‚Tortonam
