2242 3418
0 2359 19 2623 .gvmfms-xfsstwffimftristem
2 2301 18 2338 ,τῇ
7 2263 9 2265 .
7 2236 11 2241 μ
0 2138 13 2215 >1⁴⁵1ss
10 2088 17 2098 .<
9 2042 14 2048 .

184 182 265 217 [AA.
285 182 466 215 1364-136'7]
770 174 1092 211 MEMORIALE
1120 175 1446 212 HISTORICUM
1976 179 2022 217 67

181 308 303 347 censis,
326 308 458 351 legatus
482 308 614 340 domini
637 318 749 350 papae
772 313 806 340 et
830 307 980 340 vicarius
1002 307 1201 349 specialiter
1223 308 1261 339 in
1283 307 1451 346 Bononia,
1468 308 1611 340 intravit
1627 308 1779 340 feliciter
1790 308 1827 339 in
1850 309 2027 341 civitatem

179 361 357 394 Bononiae
379 371 442 403 per
464 366 598 403 portam
623 361 796 394 Galleriae
822 366 856 393 et
883 360 995 393 eidem
1022 360 1160 393 obviam
1194 360 1330 393 iverunt
1353 360 1509 393 homines
1534 361 1736 394 societatum
1766 361 2028 394 bononiensium

178 414 315 447 inducti
331 413 375 446 de
390 414 535 446 sindone
558 419 592 446 et
615 424 759 458 magnae
774 413 931 457 brigatae
954 413 1220 457 bag-urdatorum
1236 413 1462 457 bagurdando
1485 419 1519 446 et
1541 424 1702 458 magnum
1719 415 1843 447 festum
1859 414 2026 448 fatiendo.

178 467 224 500 Et
246 467 380 499 antiani
403 472 627 509 portaverunt
649 467 717 499 sibi
741 467 855 499 claves
877 466 1055 499 Bononiae
1070 477 1177 509 usque
1192 466 1238 498 ad
1260 471 1401 508 pontem
1424 472 1519 498 extra
1542 472 1677 508 portam
1694 467 1876 500 Galleriae.
1922 468 1968 500 Et
1990 468 2027 500 in

135 518 154 552 5
179 520 324 552 introitu
347 519 500 553 civitatis
524 520 682 552 dominus
696 520 851 552 marchio
867 519 1039 558 Ferariae,
1056 519 1115 562 qui
1132 529 1210 551 cum
1222 529 1263 551 eo
1275 524 1359 557 erat,
1373 519 1459 551 fecit
1470 519 1615 551 militem
1628 520 1803 552 dominum
1816 520 2027 553 Thomacem

176 572 278 605 Pucii
302 572 346 605 de
371 573 584 611 Ghisileriis3
608 578 643 605 et
665 572 821 615 pluribus
844 572 965 604 diebus
988 572 1198 604 duraverunt
1221 572 1317 604 dicta
1339 572 1503 604 astiludia
1525 578 1559 604 et
1582 573 1680 605 festa.

265 625 396 658 Eodem
420 635 522 665 anno,
554 626 611 658 die
641 635 683 667 11J
713 625 840 657 martii.
866 643 907 648 —
931 626 1050 663 Facta,
1082 624 1236 657 stabilita
1259 630 1294 657 et
1322 625 1500 667 publicam
1530 625 1599 657 fuit
1628 636 1698 667 pax
1729 626 1820 658 inter
1849 627 2026 658 romanam

178 678 371 711 Ecclesiam
394 684 429 711 et
452 689 529 711 suos
552 678 734 722 colligatos
749 689 792 710 ex
806 688 875 710 una
889 683 988 719 parte
1003 683 1038 709 et
1054 677 1230 709 dominum
1245 677 1482 710 Bernabovem
1498 677 1749 710 Vicecomitem
1765 678 1808 710 de
1823 678 2024 711 Mediolano

175 742 218 764 ex
242 731 360 764 altera.
406 731 452 764 Et
474 737 588 764 castra
609 731 647 763 in
670 730 828 763 manibus
851 730 938 763 dicti
962 730 1094 762 domini
1117 730 1223 773 legati
1239 735 1474 763 remanserunt
1488 740 1552 772 pro
1567 740 1692 773 magna
1708 731 1898 774 quantitate
1919 742 2025 773 pecu-

113 785 151 817 lO
175 785 310 817 uiarum
332 785 577 827 promissarum
599 795 662 826 per
684 784 796 826 ipsum
818 783 968 826 legatum
991 783 1103 815 eidem
1128 783 1268 816 domino
1290 783 1496 816 Bernabovi.

261 838 393 870 Eodem
417 847 517 876 anno,
542 838 585 870 de
607 847 722 869 mense
745 836 880 880 augusti
908 837 1002 869 1364.
1034 854 1076 860 —
1100 836 1307 869 Conflictum
1330 836 1398 868 fuit
1426 846 1570 868 comune
1599 836 1756 869 Pisarum
1787 847 1850 878 per
1879 847 2024 869 comune

173 890 370 923 Florentiae
392 891 487 923 iuxta
510 890 676 929 Solaram‚
700 890 840 922 domino
865 889 1026 922 Galeotto
1050 889 1093 921 de
1115 889 1308 922 Malatestis
1331 890 1500 922 existente
1523 889 1704 931 capitaneo
1733 889 2021 929 Florentinorum,

172 948 207 976 et
229 944 377 976 societas
399 943 627 987 Anglicorum
650 948 724 975 erat
746 943 792 974 ad
814 942 1023 984 stipendium
1046 941 1266 980 Pisanorum3
1290 948 1433 984 propter
1455 953 1558 985 quam
1581 952 1718 974 causam
1741 941 1859 974 Pisani
1883 952 2021 975 creave-

172 1001 253 1029 runt
276 996 453 1029 dominum
476 996 668 1039 Johannem
690 995 735 1028 de
756 994 905 1038 Agnella
929 995 1105 1027 dominum
1129 994 1283 1027 civitatis
1305 995 1472 1027 Pisarum.

110 1047 147 1081 15
259 1049 515 1082 MMCCCLXV
539 1067 581 1072 —-
595 1049 764 1081 Dominus
786 1048 1015 1091 Raymundus
1038 1048 1081 1079 de
1103 1047 1300 1080 Tolomaeis
1324 1048 1367 1080 de
1384 1047 1484 1080 Senis
1507 1047 1575 1080 fuit
1590 1053 1740 1090 potestas
1755 1047 1933 1081 Bononiae
1954 1059 2018 1091 pro

171 1102 293 1145 primis
317 1108 352 1135 et
375 1102 535 1134 dominus
556 1101 688 1134 Rossus
711 1101 755 1133 de
777 1101 893 1133 Riciis
917 1101 960 1132 de
983 1101 1160 1133 Florentia
1183 1110 1246 1142 pro
1270 1101 1440 1133 secundis.

259 1155 391 1188 Eodem
414 1164 516 1193 anno,
540 1155 598 1187 die
620 1164 646 1186 v
667 1154 847 1186 februarii.
871 1171 912 1176 —
935 1153 1086 1196 Jacobus
1115 1153 1271 1185 Mathaei
1302 1153 1347 1185 de
1375 1153 1584 1186 Blanchittis
1615 1154 1658 1185 de
1681 1153 1838 1186 Bononia
1861 1154 1959 1186 duxit
1982 1155 2019 1187 in

171 1218 313 1241 uxorem
337 1208 511 1240 dominam
535 1207 744 1245 Caterinam,
769 1207 874 1238 filiam
899 1205 1032 1238 domini
1055 1205 1225 1248 Johannis
1249 1205 1293 1238 de
1316 1205 1454 1238 Ursinis
1477 1206 1521 1238 de
1543 1206 1667 1238 Roma.

259 1261 391 1294 Eodem
407 1270 508 1299 anno,
526 1260 583 1292 die
598 1260 711 1302 primo
725 1259 816 1303 julii.
834 1278 875 1282 -
892 1259 974 1291 Fuit
989 1268 1134 1301 magnus
1149 1269 1266 1290 rumor
1280 1258 1318 1290 in
1333 1258 1463 1300 palatio
1480 1259 1612 1291 domini
1628 1259 1818 1301 potestatis,
1834 1261 2018 1292 occasione

104 1315 147 1347 20
171 1314 372 1358 syndicatus
396 1313 483 1346 dicti
506 1313 639 1345 domini
662 1312 863 1356 Raymundi
887 1312 931 1344 de
954 1311 1162 1349 Tolomaeis,
1186 1311 1366 1353 potestatis
1387 1311 1576 1350 Bononiae,
1601 1311 1660 1354 qui
1683 1311 1806 1343 multas
1828 1311 2018 1345 baratarias

169 1369 312 1406 fecerat,
337 1377 400 1399 nec
423 1371 560 1409 poterat
582 1365 739 1398 invenire
762 1365 911 1408 aliquem
935 1364 1179 1396 fideiussorem.
1225 1363 1270 1395 Et
1293 1363 1338 1396 ob
1362 1364 1400 1395 id
1430 1364 1504 1405 ipse
1534 1363 1671 1406 aufugit
1702 1364 1745 1395 de
1767 1365 1898 1406 palatio
1921 1371 2018 1407 pote-

170 1421 267 1453 statis
290 1425 325 1452 et
354 1419 420 1452 ivit
449 1419 495 1451 ad
524 1418 690 1461 palatium
722 1417 854 1450 domini
885 1416 1074 1449 cardinalis
1103 1421 1138 1448 et
1167 1416 1317 1448 finaliter
1346 1416 1414 1448 fuit
1443 1416 1560 1448 taliter
1590 1416 1737 1459 qualiter
1766 1417 1955 1450 sindicatus
1984 1424 2019 1451 et

169 1473 311 1506 recessit
333 1483 411 1505 cum
434 1471 644 1504 verecundia
659 1476 693 1503 et
707 1471 806 1502 multi
822 1470 917 1502 cives
939 1468 1122 1501 cridabant
1137 1474 1215 1511 post
1230 1468 1351 1511 ipsum.
1398 1469 1468 1500 Et·
1458 1479 1535 1511 1psa
1550 1469 1733 1501 occasione
1756 1470 1895 1502 fuerunt
1910 1471 2018 1514 aliqui

168 1525 378 1565 tormentati,
402 1525 494 1557 inter
517 1534 603 1567 quos
625 1524 695 1556 fuit
717 1523 880 1567 magister
903 1521 1103 1560 Federicus,
1126 1521 1281 1553 medicus
1305 1521 1349 1553 de
1371 1527 1473 1564 porta
1495 1522 1607 1554 Nova.

103 1578 144 1612 25
257 1578 389 1611 Eodem
412 1587 514 1616 anno,
539 1577 595 1609 die
618 1576 770 1609 secundo
793 1575 941 1619 augusti.
966 1593 1007 1598 —
1032 1574 1189 1607 Decessit
1212 1574 1385 1606 dominus
1403 1574 1534 1618 Symon
1565 1575 1608 1607 de
1635 1581 1755 1608 sancto
1787 1575 1937 1620 Georgio
1967 1578 2016 1610 le-

168 1642 249 1675 gum
274 1631 406 1664 doctor.

255 1684 387 1717 Eodem
410 1693 501 1716 anno
517 1688 552 1715 et
567 1692 692 1715 mense.
710 1700 752 1705 —-
768 1681 925 1714 Decessit
941 1680 1102 1729 dominus
1116 1680 1292 1724 Johannes
1308 1680 1352 1713 de
1367 1681 1576 1720 Caldarinis,
1592 1681 1716 1714 doctor
1730 1681 1946 1715 decretorum
1962 1684 2015 1716 fa-

168 1747 386 1770 mosiss1mus.

253 1789 524 1823 M.CCCLXVI.
549 1807 591 1812 —
614 1788 782 1822 Dominus
804 1789 936 1821 Rossus
967 1788 1010 1820 de
1039 1787 1155 1820 Riciis
1185 1787 1229 1819 de
1252 1787 1430 1832 Florentia
1460 1787 1528 1820 fuit
1558 1793 1709 1830 potestas
1734 1788 1927 1828 Bononiae3
1952 1790 2013 1822 do-

100 1845 144 1876 30
166 1843 277 1876 minus
298 1843 505 1876 Franciscus
529 1842 572 1875 de
596 1841 741 1875 Calbulo
765 1842 809 1874 de
832 1841 988 1874 Forlivio
1011 1842 1079 1873 fuit
1100 1846 1252 1883 potestas
1274 1841 1460 1873 Bononiae.

253 1896 384 1929 Eodem
407 1905 510 1936 anno,
533 1895 591 1928 die
614 1905 678 1936 XXJ
699 1895 793 1939 maji.
818 1913 860 1918 —
882 1894 1050 1927 Dominus
1072 1894 1261 1927 cardinalis
1283 1895 1416 1938 legatus
1438 1894 1637 1937 praedictus
1666 1895 1772 1927 rediit
1795 1895 1839 1927 de
1861 1895 2014 1940 partibus

165 1949 428 1982 Romandiolae.

253 2003 385 2036 Eodem
407 2012 510 2041 anno,
527 2002 572 2036 de
586 2011 702 2035 mense
725 2002 886 2035 octobris.
904 2020 946 2025 —
964 2001 1145 2041 Quaedam
1163 2011 1352 2044 companea
1367 2001 1527 2034 transivit
1542 2012 1605 2045 per
1620 2002 1819 2035 comitatum
1835 2002 2012 2035 Bononiae

163 2056 264 2099 juxta
286 2056 463 2088 civitatem
485 2060 520 2087 et
542 2055 673 2087 nemini
698 2055 860 2088 damnum
884 2055 981 2088 fecit.

99 2107 141 2141 35
252 2108 543 2142 MCCCLXVII.
567 2126 609 2132 -—
632 2108 839 2142 Franciscus
862 2108 906 2141 de
929 2108 1076 2142 Calbulo
1099 2108 1168 2140 fuit
1190 2112 1341 2150 potestas
1363 2108 1542 2140 Bononiae
1564 2118 1628 2150 pro
1651 2113 1724 2141 toto
1747 2118 1849 2141 anno.

253 2162 386 2194 Eodem
409 2170 511 2194 anno.
529 2180 571 2184 —
586 2161 753 2194 Dominus
775 2161 938 2195 Urbanus
960 2172 1052 2204 papa
1075 2162 1215 2204 quintus
1237 2161 1392 2194 discessit
1415 2161 1458 2193 de
1480 2160 1655 2194 Avinione
1678 2167 1712 2194 et
1735 2162 1798 2194 ivit
1820 2161 2012 2195 Marsiliam

130 2218 136 2222 '
163 2220 199 2247 et
227 2219 348 2257 postea
369 2214 434 2247 ivit
455 2215 603 2257 Januam
626 2220 661 2247 et
683 2215 766 2248 inde
788 2214 878 2248 Pisis
900 2220 935 2247 et
957 2215 1129 2258 applicuit
1151 2214 1339 2247 Cornetum
1363 2220 1396 2246 et
1419 2214 1463 2246 de
1487 2214 1637 2247 Corneto
1660 2215 1706 2247 ad
1728 2215 1924 2248 Viterbium
1947 2226 2011 2258 per

163 2277 258 2300 mare
272 2273 307 2300 et
321 2267 420 2300 duxit
435 2278 550 2300 secum
566 2268 784 2311 quamplures
799 2268 994 2300 cardinales
1015 2278 1080 2310 per
1101 2279 1226 2314 aquam
1241 2273 1276 2300 et
1298 2267 1358 2300 alii
1382 2268 1575 2300 cardinales
1590 2268 1724 2311 sequuti
1740 2269 1880 2300 fuerunt
1901 2268 2012 2311 ipsum

163 2331 227 2363 per
249 2325 375 2352 terram
397 2325 432 2353 et
454 2320 687 2353 transiverunt
708 2331 772 2363 per
792 2321 997 2354 Bononiam.

98 2374 141 2405 40
253 2373 384 2406 Eodem
406 2383 509 2413 anno,
533 2373 591 2406 de'
613 2384 729 2407 mense
750 2375 850 2419 junii.
875 2393 916 2397 —
940 2374 1040 2407 Missi
1056 2375 1196 2407 fuerunt
1211 2374 1462 2407 ambaxiatores
1492 2375 1537 2406 ad
1567 2385 1692 2417 papam
1716 2375 1931 2417 praedictum
1954 2375 2007 2407 in-

163 2426 352 2469 frascripti,
368 2426 547 2459 videlicet:
564 2427 769 2460 Franciscus
784 2428 828 2460 de
843 2427 990 2460 Calbulo
1005 2433 1156 2470 potestas
1171 2427 1360 2467 Bononiae,
1376 2428 1544 2460 Tuniolus
1560 2428 1604 2460 de
1619 2428 1849 2472 Bentevoglis,
1866 2427 2010 2460 Munsus

164 2479 208 2511 de
232 2478 418 2512 Sabadinis
440 2485 475 2511 et
497 2479 667 2513 Minottus
689 2480 784 2513 Petri
805 2479 980 2524 Angelelli
1001 2481 1171 2518 notarius;
1195 2486 1230 2513 et
1253 2481 1297 2513 de
1320 2490 1435 2513 mense
1456 2480 1546 2524 jullii
1562 2481 1748 2513 redierunt.
1933 2487 1939 2494 ¹

251 2533 384 2565 Eodem
407 2542 510 2572 anno,
535 2533 579 2565 de
600 2543 716 2566 mense
739 2534 952 2576 septembris.
977 2553 1019 2558 —
1041 2535 1198 2567 Decessit
1223 2535 1380 2566 dominus
1402 2534 1578 2577 Johannes
1602 2534 1645 2566 de
1667 2534 1816 2576 Pepolis,
1841 2534 1922 2566 olim
1947 2536 2009 2567 do-

163 2585 275 2618 minus
298 2585 447 2618 civitatis
469 2585 657 2625 Bononiae,
680 2587 716 2618 in
739 2586 849 2629 Papia
871 2592 906 2619 et
929 2588 997 2620 fuit
1018 2592 1174 2630 portatus
1197 2587 1388 2619 Bononiam
1412 2592 1446 2619 et
1469 2587 1623 2629 sepultus
1645 2588 1691 2619 ad
1708 2587 1873 2619 Sanctum
1888 2587 2008 2620 Domi-

97 2636 138 2670 45
163 2638 287 2671 nicum.
332 2638 488 2670 Decessit
510 2639 613 2670 etiam
637 2639 796 2672 dominus
818 2639 969 2682 Jacobus
1000 2641 1043 2673 de
1073 2639 1220 2682 Pepolis,
1252 2641 1361 2672 frater
1390 2650 1480 2678 suus,
1511 2645 1546 2672 et
1577 2639 1731 2672 similiter
1753 2640 1820 2672 fuit
1843 2641 2009 2682 sepultus.

161 2691 317 2724 Decessit
339 2691 443 2724 etiam
467 2691 562 2724 dicto
584 2701 677 2724 anno
700 2692 858 2725 dominus
879 2693 1053 2736 Johannes
1077 2694 1120 2726 de
1143 2693 1277 2737 Olegio,
1302 2693 1383 2725 olim
1407 2693 1565 2727 dominus
1588 2692 1774 2731 Bononiae,
1801 2693 1838 2725 in
1866 2694 2007 2726 civitate

108 2756 112 2759 ·
162 2744 280 2777 Firmi.

248 2798 382 2831 Eodem
403 2808 506 2838 anno,
538 2799 594 2832 die
609 2809 703 2841 xan
719 2800 919 2834 decembris.
936 2819 978 2824 -—
994 2800 1313 2834 Reverendissimus
1328 2805 1437 2843 pater,
1454 2800 1612 2833 dominus
1626 2799 1795 2844 Anglicus
1818 2801 2006 2834 cardinalis

261 2923 342 2949 11-14
359 2917 474 2943 Notizioe
492 2918 629 2951 aggiunta
641 2916 691 2950 piu>
708 2918 786 2944 tardi

2084 2386 2159 2410 Mum,
2177 2386 2213 2407 181
