2196 3424
49 494 68 510 c.
84 492 125 508 ιοο
139 488 150 508 b

15 542 93 567 Mun„
108 542 148 562 ιον

33 1985 53 1999 c.
68 1983 109 1999 102
125 1986 138 1999 a

6 2671 85 2696 Mum,
100 2671 146 2702 ¹7⁰„

228 188 275 225 58
767 185 1047 223 ΜΑΤΤΗΑΕΙ
1077 185 1147 221 DE
1177 183 1521 221 GRIFFONIBUS
1785 190 1869 226 [AA.
1891 192 2071 227 1352-1354]

313 321 443 354 Eodem
466 329 557 352 anno
580 318 768 357 MCCCLI,
794 318 851 350 die
875 327 969 357 xan
990 316 1092 360 junii,
1124 316 1160 347 in
1192 316 1314 359 vigilia
1342 315 1453 347 sancti
1483 315 1653 358 Johannis
1682 316 1870 359 Baptistae.
1895 336 1936 341 —
1960 319 2070 351 Natus

220 375 288 407 fuit
310 375 501 412 Mathaeus,
533 372 623 404 filius
654 370 820 404 Guiducii
844 370 887 402 de
912 369 1141 407 Griffonibus,
1165 378 1208 400 ex
1231 369 1372 401 domina
1402 368 1522 400 Zanna
1545 368 1619 412 ejus
1650 379 1765 408 uxore,
1790 370 1860 403 filia
1883 371 1965 403 olim
1992 372 2070 404 Ma-

223 425 315 458 thaei
339 425 382 456 de
405 422 608 456 Cresenciis.

313 476 532 510 M.CCCLII.
557 495 598 498 ——
621 475 789 507 Dominus
804 474 1000 506 Bernardus
1024 473 1067 505 de
1090 472 1277 516 Angusolis
1301 472 1344 504 de
1368 472 1547 504 Placentia
1564 473 1631 505 fuit
1647 479 1796 515 potestas
1812 475 1989 508 Bononiae
2005 486 2068 518 pro

223 536 295 564 toto
318 540 418 563 anno.
464 529 550 562 Visa
573 528 651 567 fuit,
675 528 733 560 die
756 527 892 559 veneris
915 526 981 567 XIJ'
1006 526 1169 564 octobris,
1195 526 1238 558 de
1261 535 1347 564 εει-ο,
1372 525 1480 558 stellis
1503 526 1760 568 apparentibus,
1785 529 1952 571 quaedam
1968 529 2069 562 flama
2115 529 2132 561 5

222 585 324 628 ignea
336 584 371 615 in
388 586 466 614 aere
482 581 583 614 valde
599 590 724 624 magna
736 586 771 612 et
783 581 887 624 longa
895 592 904 618 3
917 585 951 612 et
964 578 1124 611 currebat
1140 589 1203 621 per
1218 583 1331 610 aerem
1345 578 1434 611 sicut
1447 579 1575 611 saiecta
1586 585 1621 611 et
1633 578 1782 613 habebat
1795 587 1900 623 caput
1916 583 2068 615 anterius

219 647 372 681 grossum
388 641 422 667 et
438 635 475 666 in
492 634 603 666 cauda
620 633 850 666 subtilabatur
865 638 898 665 et
914 643 977 675 per
992 632 1083 664 unde
1100 631 1269 664 transibat
1285 631 1452 663 reddebat
1469 642 1630 675 magnum
1647 633 1761 665 lumen
1777 640 1812 666 et
1829 633 1899 666 cito
1916 635 2066 668 recessit.

220 691 265 722 Et
288 689 361 722 visa
377 689 445 720 fuit
461 699 481 720 a
497 687 614 719 multis
630 692 664 719 et
680 686 797 718 multis
812 685 968 728 personis
984 691 1018 718 et
1035 690 1228 727 reputatum
1245 684 1313 717 fuit
1329 685 1515 717 maximum
1539 685 1671 717 factum
1688 691 1721 717 et
1737 696 1897 730 magnum
1921 688 2067 732 signum.

306 742 438 774 Eodem
461 750 562 772 anno.
588 758 628 762 —-
654 739 818 781 Suspensi
845 739 986 770 fuerunt
1016 743 1115 770 extra
1145 743 1281 779 portam
1313 743 1439 770 stratae
1473 738 1669 770 Castilionis
1699 749 1801 781 super
1832 740 1906 782 ripa
1939 742 2069 773 canalis

218 795 474 828 Bartolomaeus
498 794 541 825 de
564 792 684 825 Chech
707 792 792 824 civis
815 791 1035 824 bononiensis
1058 796 1092 823 et
1116 790 1324 834 Paganinus,
1356 791 1438 823 olim
1463 796 1577 823 custos
1608 791 1755 824 filiorum
1780 793 1909 825 domini
1932 794 2067 837 Jacobi,
2095 795 2134 827 10

219 849 419 891 capitaneus
443 847 557 879 dictae
580 851 712 888 portae.

305 899 539 934 M.CCCLIII.
557 917 598 921 ——
614 898 781 930 Dominus
796 897 995 930 Bernardus
1012 898 1055 930 de
1071 896 1258 941 Angusolis
1273 897 1340 929 fuit
1355 903 1507 939 potestas
1530 897 1706 938 Bononiae
1721 909 1785 941 pro
1808 899 1927 941 primis
1949 905 1984 933 et
2007 901 2067 933 do-

215 956 327 987 minus
350 953 523 987 Ottolinus
546 952 676 984 Burrus
700 952 742 983 de
765 950 967 983 Mediolano
991 951 1058 983 fuit
1081 955 1232 993 potestas
1254 960 1319 993 pro
1343 951 1512 983 secundis.

304 1008 436 1040 Eodem
460 1015 561 1037 anno.
587 1023 628 1027 -—
652 1004 853 1037 Fortificata
875 1004 943 1036 fuit
966 1004 1069 1036 turris
1092 1003 1325 1036 Asinellorum
1348 1013 1412 1046 pro
1437 1005 1595 1036 custodia
1619 1005 1786 1038 satienda.

305 1061 436 1093 Eodem
458 1068 560 1091 anno.
587 1077 627 1080 —
652 1058 780 1090 Factae
812 1058 953 1089 fuerunt
976 1062 1098 1099 portae
1121 1057 1158 1089 in
1182 1057 1317 1101 angulis
1340 1057 1476 1099 plateae
1500 1059 1656 1090 comunis
1679 1059 1856 1091 Bononiae
1879 1069 1943 1102 pro
1966 1060 2066 1093 forti·
2094 1059 2131 1092 15

280 1115 288 1122 ”
382 1114 416 1145 la
474 1123 504 1145 e.

215 1115 555 1200 ωὼῖῗῖέῦὲἶῗῌῌ.
588 1184 629 1188 —-
660 1165 827 1197 Dominus
853 1164 1030 1197 Ottolinus
1056 1165 1187 1197 Burrus
1216 1165 1259 1197 de
1286 1163 1488 1197 Mediolano
1516 1165 1583 1198 fuit
1614 1171 1765 1208 potestas
1795 1167 1971 1200 Bononiae
2001 1177 2065 1210 pro

213 1227 285 1254 toto
308 1230 410 1253 anno.

302 1274 433 1307 Eodem
457 1282 560 1305 anno.
585 1291 626 1295 —
650 1273 787 1305 Foveae
811 1272 961 1304 civitatis
983 1272 1172 1310 Bononiae,
1191 1272 1247 1304 die
1270 1272 1382 1314 primo
1398 1272 1523 1311 martii,
1540 1272 1682 1305 fuerunt
1706 1273 1888 1316 incoeptae
1911 1274 2066 1317 reparari

213 1339 276 1371 per
299 1328 392 1360 cives
413 1326 601 1359 Bononiae.
2087 1328 2131 1359 20

300 1382 365 1414 Die
395 1391 448 1422 XIJ
482 1380 608 1412 mensis
629 1379 711 1422 maji
742 1379 828 1412 dicti
858 1379 952 1412 anni.
971 1398 1012 1402 —-
1030 1378 1218 1417 Quarteria
1241 1379 1392 1412 civitatis
1423 1379 1602 1411 Bononiae
1625 1379 1877 1423 equitaverunt,
1902 1381 1946 1413 de
1969 1391 2066 1413 man-

215 1436 296 1468 dato
318 1434 521 1479 regiminum
546 1433 696 1466 civitatis
718 1432 906 1471 Bononiae,
938 1442 1055 1465 versus
1085 1432 1272 1470 Mutinam3
1297 1433 1333 1464 in
1358 1442 1425 1475 quo
1449 1433 1602 1465 exercitu
1626 1433 1733 1465 multa
1756 1433 1862 1466 verba
1884 1434 2065 1466 inhonesta

212 1490 352 1521 fuerunt
374 1488 465 1520 inter
488 1487 664 1520 dominum
687 1486 871 1518 Nicolaum
896 1486 940 1518 de
963 1485 1102 1528 Pepolis
1124 1491 1159 1518 et
1182 1495 1261 1518 suos
1283 1486 1412 1518 amicos
1435 1495 1478 1517 ex
1493 1495 1562 1518 una
1578 1492 1676 1528 parte
1699 1492 1735 1518 et
1756 1486 1919 1519 Munsum
1942 1487 1986 1520 de
2003 1486 2065 1520 Sa-

211 1542 348 1576 badinis
370 1546 405 1574 et
428 1550 506 1573 suos
528 1551 571 1572 ex
592 1545 692 1582 parte
714 1539 834 1571 altera.
1365 1573 1368 1577 Δ

301 1595 433 1627 Eodem
450 1603 559 1638 panno,
584 1593 640 1625 die
662 1593 782 1624 martis
797 1602 822 1623 x
835 1591 932 1635 junii.
951 1611 991 1615 —
1008 1592 1158 1636 Magnus
1181 1602 1297 1624 rumor
1319 1598 1354 1624 et
1377 1593 1512 1625 novitas
1536 1593 1604 1625 fuit
1627 1592 1662 1625 in
1686 1593 1853 1632 Bononia,
1878 1593 1969 1636 quia,
1986 1604 2065 1626 cum
2087 1592 2129 1625 25

212 1650 407 1682 ordinatum
430 1647 551 1680 fuisset
573 1656 637 1688 per
659 1646 828 1689 regimina
850 1645 999 1677 civitatis
1016 1646 1194 1677 Bononiae
1211 1646 1304 1688 quod
1322 1646 1390 1678 duo
1415 1646 1589 1688 quarteria
1612 1646 1881 1678 Bononiensium
1899 1646 2065 1679 deberent

211 1703 365 1746 equitare
388 1706 511 1734 contra
533 1700 709 1732 civitatem
730 1697 888 1731 Mutinae
912 1704 947 1730 et
970 1698 1062 1731 cives
1086 1699 1257 1731 dictorum
1283 1699 1428 1731 duorum
1453 1699 1704 1742 quarteriorum
1727 1705 1839 1732 essent
1854 1710 1918 1742 pro
1941 1699 2064 1743 majori

211 1761 309 1798 parte
331 1755 454 1788 armati
476 1759 512 1786 et
533 1752 762 1796 prandebant,
779 1757 862 1784 tunc
886 1752 1040 1784 elevatus
1063 1752 1129 1784 fuit
1152 1761 1241 1784 unus
1263 1762 1381 1784 rumor
1397 1763 1475 1784 cum
1491 1752 1634 1784 vocibus
1649 1752 1882 1785 cridantibus:
1901 1752 2064 1785 —Vivat

211 1808 374 1852 populus!
392 1827 433 1831 —
451 1807 497 1840 Et
512 1806 625 1840 subito
649 1811 761 1837 rostae
784 1805 900 1837 factae
923 1805 1064 1837 fuerunt
1079 1805 1115 1836 in
1131 1810 1239 1837 strata
1262 1805 1372 1837 sancti
1396 1805 1534 1837 Donati.
1582 1804 1806 1847 Stipendiarii
1821 1815 1903 1838 vero
1919 1806 2062 1849 equites,

211 1863 367 1895 videntes
381 1862 459 1900 hoc,
475 1861 701 1902 incoeperunt
713 1858 878 1890 clamare:
894 1876 935 1881 —
949 1858 1058 1891 Vivat
1074 1858 1252 1891 dominusl
1267 1877 1308 1881 ——
1323 1864 1359 1891 et
1375 1859 1423 1890 sic
1441 1858 1537 1890 ibant
1554 1858 1750 1890 clamando:
1778 1877 1810 1881 —
1827 1858 1935 1891 Vivat
1951 1859 2063 1891 domi·
2087 1860 2130 1891 30

212 1915 291 1949 nusi
309 1934 350 1950 ,-
367 1925 430 1958 per
445 1914 631 1946 civitatem.
677 1912 724 1944 Et
746 1911 939 1944 comitatini
962 1912 1103 1944 fuerunt
1126 1911 1238 1944 subito
1255 1912 1301 1944 ad
1316 1917 1457 1954 pontem
1481 1916 1608 1943 stratae
1632 1912 1743 1943 sancti
1758 1911 1886 1943 Donati
1903 1917 1938 1944 et
1952 1912 2063 1954 ipsum

211 1980 274 2012 per
288 1969 357 2002 vim
373 1967 620 2000 combuxerunt
643 1971 678 1998 et
692 1964 921 1997 intraverunt'
939 1965 1124 1997 civitatem.
1171 1965 1304 1996 Tamen
1321 1965 1469 2007 populus
1484 1964 1666 1997 succubuit
1681 1970 1716 1996 et
1732 1965 1830 1996 multi
1846 1965 1988 1997 fuerunt
2010 1965 2063 1996 in-

211 2022 348 2055 terfecti
363 2022 399 2054 in
421 2018 578 2063 pluribus
593 2019 680 2051 locis
696 2018 846 2050 civitatis
861 2018 1055 2055 Bononiae3
1073 2023 1285 2060 quapropter
1300 2023 1378 2059 post
1393 2017 1573 2060 praedicta
1589 2018 1688 2049 multi
1704 2018 1797 2049 cives
1813 2018 1907 2059 capti
1922 2018 2064 2050 fuerunt

211 2081 245 2108 et
269 2075 467 2117 decapitati,
490 2078 594 2116 prout
616 2072 710 2104 infra
734 2072 778 2104 de
801 2071 957 2114 proximo
982 2071 1044 2104 tibi
1069 2071 1229 2110 scribam,
1254 2071 1433 2103 videlicet:
1460 2071 1516 2103 die
1540 2080 1593 2111 X1J
1617 2070 1703 2103 dicti
1725 2071 1861 2109 mensis,
1886 2081 1974 2113 quae
1997 2071 2064 2103 fuit

212 2130 284 2162 dies
295 2128 470 2173 sanguinis
481 2126 619 2159 Domini
631 2125 739 2158 nostri
750 2125 855 2168 Jhesu
869 2125 1009 2164 Christi,
1024 2124 1184 2157 dominus
1195 2124 1352 2156 Dalfinus
1364 2125 1407 2156 de
1421 2124 1611 2168 Gocadinis
1620 2123 1737 2167 judex,
1751 2124 1922 2156 Guerinus
1934 2124 1978 2156 de
1994 2124 2062 2158 Ca-
2085 2123 2127 2156 35

208 2183 342 2225 ptaneis
366 2182 410 2214 de
432 2180 579 2224 Vicano,
603 2180 783 2212 Zenannes
807 2179 850 2210 de
875 2178 1005 2211 Sancto
1035 2177 1182 2210 Alberto
1213 2188 1291 2210 cum
1324 2183 1472 2220 quatuor
1494 2177 1643 2216 famulis,
1668 2177 1817 2220 Jacobus
1847 2177 1989 2221 Vogloli
2019 2177 2063 2210 de

211 2235 440 2279 Bentevoglis,
455 2233 629 2266 Bruninus
645 2233 689 2265 de
705 2231 879 2270 Blanchis,
895 2231 1029 2274 Lippus
1043 2230 1307 2275 Maghinardini
1324 2232 1367 2263 de
1384 2231 1548 2270 Galuciis‚
1575 2230 1765 2263 Chichinus
1780 2230 1887 2262 Bitini
1904 2231 1947 2263 de
1969 2229 2063 2274 Aco-

212 2289 312 2321 nibus
334 2295 368 2321 et
391 2287 611 2320 Zeminianus
633 2285 741 2318 Bitini
758 2286 802 2318 de
818 2285 983 2317 comitatu
1007 2284 1175 2323 Mutinae,
1200 2295 1279 2317 cum
1296 2285 1400 2317 certis
1416 2284 1507 2322 aliis3
1525 2290 1560 2316 et
1583 2285 1734 2322 fuerunt,
1751 2284 1787 2315 in
1804 2294 1944 2323 summa,
1961 2293 2060 2325 X11¹J3

212 2341 399 2384 decapitati
422 2342 562 2372 fuerunt
586 2339 680 2372 dicta
703 2339 760 2371 die
782 2348 836 2380 X1J
856 2338 953 2381 junii,
977 2338 1013 2369 in
1037 2338 1170 2380 Campo
1194 2339 1223 2370 F
1225 2339 1292 2376 ori3
1318 2338 1457 2370 fuerunt
1480 2338 1579 2370 simul
1605 2337 1803 2379 decapitati.

297 2396 363 2427 Die
378 2404 461 2427 vero
477 2403 561 2434 X111J
577 2393 662 2425 dicti
677 2393 811 2425 mensis.
830 2410 872 2415 —
897 2391 961 2424 Ser
983 2392 1137 2424 Michael
1161 2391 1206 2423 de
1228 2391 1459 2435 Bentevoglis,
1484 2391 1678 2423 Fulcirolus
1702 2391 1745 2423 de
1769 2391 1969 2435 Gocadinis,
1984 2391 2061 2424 Ma-
2085 2392 2127 2422 40

211 2449 332 2482 thaeus
347 2449 391 2481 de
407 2446 606 2491 Gocadinis,
623 2446 797 2489 Johannes
813 2445 944 2478 Gerrae
961 2445 1005 2477 de
1021 2444 1231 2483 Garisendis,
1249 2445 1407 2477 dominus
1422 2445 1582 2477 Calorius
1598 2444 1642 2476 de
1659 2444 1849 2488 Gocadinis
1861 2443 1978 2487 judex,
1994 2444 2060 2476 Ba—

209 2508 317 2535 sottus
341 2502 384 2534 de
407 2499 716 2538 Basacomatribus,
739 2499 972 2543 Bertignanus
995 2499 1038 2530 de
1062 2498 1246 2536 Chaviciis,
1263 2498 1440 2541 Johannes
1463 2498 1603 2530 Bracini
1628 2498 1671 2530 de
1694 2497 1855 2536 Caviciis,
1871 2496 2060 2530 Albarinus

211 2556 256 2588 de
277 2554 487 2599 Castagnolo
514 2559 549 2586 et
573 2553 833 2585 Bartolomaeus
859 2562 914 2584 ser
939 2550 1094 2590 Alberti,
1125 2551 1279 2594 capellae
1313 2557 1454 2584 sanctae
1485 2551 1618 2583 Mariae
1653 2551 1697 2583 de
1727 2551 1889 2593 Templo,
1920 2551 2061 2583 fuerunt

210 2609 310 2641 simul
333 2607 530 2650 decapitati.

300 2661 366 2693 Die
381 2671 462 2694 vero
479 2670 543 2702 xxJ
559 2660 644 2693 dicti
659 2660 794 2692 mensis.
813 2678 854 2683 —
871 2658 1073 2703 Gregorius'
1090 2659 1133 2691 de
1148 2659 1365 2697 Blanchittis,
1383 2659 1530 2692 Ghettus
1553 2659 1597 2691 de
1613 2658 1823 2697 Garisendis,
1840 2657 2060 2701 Mengolinus
2083 2656 2124 2689 45

211 2716 255 2748 de
278 2714 513 2758 Garfagninis,
532 2705 689 2757 Julianus
711 2712 910 2752 Petroboni‚
926 2713 1067 2752 becarii‚
1091 2713 1232 2746 fuerunt
1256 2713 1355 2744 simul
1380 2712 1579 2755 decapitati.

299 2833 343 2859 1-3
362 2828 462 2861 ,Quem
474 2830 617 2858 capoverso
637 2826 651 2850 ὲ
668 2827 761 2851 scritto
779 2827 806 2851 in
818 2826 868 2851 due
880 2826 952 2850 volte
964 2834 979 2849 e
990 2828 1092 2857 sempre
1104 2825 1323 2857 posteriormente
1336 2826 1394 2850 alla
1408 2825 1497 2850 redaz.
1505 2825 1650 2857 primitiva
1669 2825 1715 2849 del
1725 2824 1779 2848 cod.
1818 2824 1860 2848 La
1867 2824 1960 2854 prima
1978 2826 2058 2854 parte

210 2870 308 2894 arri-va
325 2870 382 2894 sino
400 2878 418 2894 a
437 2869 623 2899 Griffonibuz3
643 2870 671 2894 Ia
689 2869 799 2894 seconda
817 2869 873 2893 sino
892 2869 951 2892 alla
962 2867 1022 2900 fine
1040 2880 1073 2885 —
1093 2873 1174 2900 40-41
1195 2867 1343 2892 Mathaeus
1361 2868 1395 2892 de
1415 2866 1578 2901 Gocadinis]
1597 2875 1676 2899 segue
1694 2868 1718 2891 il
1733 2874 1803 2890 nome
1816 2866 1847 2890 di
1865 2864 2058 2890 Calom'ossoz-

209 2911 302 2936 zuzim·
323 2912 466 2936 cancellato
484 2919 497 2935 e
514 2911 542 2936 in
566 2912 689 2943 margine
706 2912 734 2936 Ia
749 2911 861 2942 postilla
880 2911 924 2935 bis
937 2912 980 2935 est
997 2918 1030 2934 ne
1047 2910 1105 2935 dice
1117 2911 1146 2934 la
1163 2910 1275 2942 cagione
1294 2924 1327 2928 —
1348 2909 1381 2942 46
1401 2908 1565 2942 decapitati]
1584 2909 1653 2933 dello
1670 2912 1749 2934 stesso
1768 2911 1901 2933 carattere
1920 2906 1934 2931 ὲ
1952 2908 2058 2933 scritto.-

210 2953 285 2985 volgi
303 2954 381 2978 carta
