2196 3424
33 1054 111 1078 Mun„

80 522 99 538 C.
114 520 169 541 976

73 1033 93 1048 c.
109 1030 137 1050 07
153 1026 165 1046 ὸ

128 1053 165 1075 167

59 2699 150 2725 αρε»

252 161 299 200 56
789 160 1072 197 ΜΑΤΤΙΙΑΕΙ
1099 156 1547 210 DE]GR1FFONIBUS
1816 163 1898 201 [ΛΑ.
1917 166 2094 202 13454349]

334 294 464 326 Eodem
488 303 589 332 anno,
615 293 671 325 die
695 303 719 324 x
743 293 904 326 octobris.
928 311 970 315 —
993 292 1148 324 Dalfinus
1170 292 1354 324 Vienensis
1377 302 1456 323 cum
1478 292 1553 335 ejus
1574 301 1680 324 uxore
1710 293 1805 325 venit
1835 293 2026 326 Bononiam
2057 299 2092 327 et

247 347 341 379 stetit
365 346 541 378 Bononiae
564 356 647 387 va
671 346 792 378 diebus
822 351 856 378 et
888 346 952 378 ivit
975 346 1021 377 ad
1044 344 1191 376 Turclos
1213 345 1259 376 ad
1290 344 1515 388 pugnandum
1547 354 1624 376 cum
1647 345 1708 377 eis.
1754 345 1799 378 Et
1821 351 2004 390 antequam
2037 347 2090 379 di-

247 399 402 432 scederet
419 400 461 431 de
476 399 644 437 Bononia,
661 399 775 431 dictus
790 399 944 431 Dalfinus
960 398 1045 430 fecit
1061 398 1188 430 milites
1205 397 1381 430 dominum
1398 396 1567 440 Jacobum
1590 402 1624 430 et
1648 398 1823 430 dominum
1839 399 2031 442 Johannem
2047 400 2091 432 de

246 452 392 494 PepoIis,
417 451 504 483 filios
528 452 659 483 domini
683 452 817 484 Tadaei
842 452 885 484 de
908 451 1056 493 Pepolis.

332 505 462 537 Eodem
486 514 587 543 anno,
613 505 670 537 die
693 506 846 537 secundo
869 504 962 548 maji.
987 523 1028 527 —-
1053 504 1214 546 Sepultus
1237 504 1306 536 fuit
1330 503 1489 536 dominus
1512 504 1657 536 Ferinus
1681 504 1724 537 de
1748 505 1896 537 Galutiis
1918 506 2025 539 miles.
2137 505 2154 538 5

330 558 461 590 Eodem
484 567 586 596 anno,
612 558 655 590 de
678 567 793 590 mense
816 558 963 602 augusti,
988 557 1044 589 die
1068 566 1145 598 an.
1164 575 1205 579 ——
1223 556 1385 599 Sepultus
1407 556 1476 589 fuit
1497 556 1673 600 Johannes
1695 557 1841 590 Romaei
1866 558 1910 591 de
1934 558 2079 601 Pepolis.

332 611 463 643 Eodem
486 621 587 643 anno.
614 629 655 633 —
678 611 836 643 Mortuus
852 616 902 642 est
918 621 979 642 rex
993 609 1163 649 Andreas,
1180 610 1290 642 frater
1304 609 1396 654 regis
1411 609 1600 653 Ungariae‚
1616 610 1787 643 seditione
1803 611 1944 655 reginae
1958 611 2089 655 Johan-

243 673 307 695 nae
330 664 403 707 ejus
426 664 553 702 uxoris,
577 674 665 707 quae
687 664 850 705 suspendi
875 663 962 695 fecit
985 663 1097 705 ipsum
1121 673 1184 705 per
1206 663 1321 706 gulam
1345 673 1423 695 cum
1447 673 1516 695 uno
1539 673 1655 705 panno
1679 663 1796 707 syrici.

330 716 378 748 M.
382 716 600 749 CCCXLVI.
626 736 667 740 —
691 716 859 748 Dominus
882 715 1082 748 Averardus
1106 717 1149 748 de
1171 716 1441 758 Montesperello
1464 716 1532 748 fuit
1554 722 1706 758 potestas
1730 717 1909 750 Bononiae
1931 728 1995 761 pro
2018 718 2089 761 pri-

241 770 305 801 mis
328 775 361 801 et
385 770 543 802 dominus
566 769 719 813 Angelus
743 770 786 802 de
808 769 1029 801 Monteleone
1052 779 1116 811 pro
1139 769 1309 802 secundis.
2117 772 2156 804 10

329 823 462 855 Eodem
486 833 588 861 anno,
613 823 670 855 die
694 828 817 866 quarto
841 822 989 865 augusti.
1015 840 1055 845 —
1078 822 1247 855 Dominus
1270 822 1426 855 marchio
1450 823 1603 855 Estensis
1627 824 1670 856 de
1693 824 1854 856 Ferraria
1878 824 1975 857 dedit
2005 824 2090 858 Par-

239 887 329 908 mam
353 876 493 908 domino
516 876 677 908 Luchino
700 875 910 909 Vicecomiti
936 876 979 908 de
1002 875 1204 908 Mediolano
1228 876 1274 908 ad
1298 875 1516 918 baptismum,
1548 877 1688 919 quando
1711 877 1779 909 fuit
1802 883 1979 920 compater
2000 888 2089 917 suus,

242 930 323 972 quia
346 929 457 962 tenuit
480 930 526 962 ad
549 929 757 972 baptismum
782 930 868 962 duos
891 929 979 961 filios
1004 928 1090 961 dicti
1115 929 1249 961 domini
1272 928 1436 968 Luchini‚
1460 929 1625 962 videlicet
1647 929 1844 962 Luchinum
1861 931 2032 963 novellum
2055 937 2090 964 et

239 982 442 1026 Johannem‚
467 989 565 1015 natos
589 983 626 1014 in
649 992 719 1015 uno
742 988 891 1024 portatu.

328 1035 618 1068 M.CCCXLVII.
644 1054 684 1058 -—
707 1035 876 1068 Dominus
900 1034 1057 1068 Coradus
1081 1036 1124 1068 de
1147 1034 1194 1067 la'
1217 1035 1379 1068 Brancha
1401 1036 1470 1068 fuit
1500 1042 1651 1078 potestas
1681 1037 1858 1069 Bononiae
1881 1047 1945 1080 pro
1967 1037 2090 1080 primia
2116 1036 2153 1069 15

238 1088 410 1121 mensibus
434 1094 468 1120 et
492 1089 651 1121 dominus
673 1089 911 1121 Brandelisius
935 1089 978 1121 de
1001 1088 1299 1121 Picholominibus
1323 1089 1367 1122 de
1391 1089 1490 1122 Senis
1513 1100 1577 1132 pro
1601 1091 1771 1123 secundis.

325 1142 458 1174 Eodem
481 1151 583 1174 anno.
609 1161 649 1164 -
674 1142 805 1185 Magna
829 1142 977 1174 carastia
1000 1141 1069 1174 fuit
1098 1142 1287 1181 Bononiae,
1324 1152 1403 1174 nam
1439 1142 1555 1175 corbis
1588 1143 1754 1175 frumenti
1785 1143 1894 1176 valuit
1917 1143 2022 1176 libras
2045 1153 2088 1185 Η]

239 1195 491 1227 bononinorum
514 1200 548 1227 et
571 1194 687 1227 corbis
711 1194 814 1227 fabae
837 1195 945 1228 valuit
970 1196 1083 1228 soldos
1105 1205 1129 1227 L
1153 1194 1406 1228 bononinorum
1429 1201 1463 1228 et
1486 1196 1576 1228 ultra
1599 1202 1633 1228 et
1656 1197 1755 1228 multi
1771 1207 1940 1240 pauperes
1962 1196 2087 1229 morie-

237 1248 362 1280 bantur
385 1249 487 1280 fame.

324 1302 456 1334 Eodem
480 1311 583 1341 anno,
608 1303 651 1334 de
674 1311 790 1334 mense
813 1302 1026 1344 septembris.
1051 1321 1092 1324 —
1122 1302 1332 1345 Magnificus
1363 1302 1533 1341 dominus,
1566 1303 1725 1335 dominus
1755 1303 1917 1336 Tadaeus
1948 1303 1991 1336 de
2021 1303 2087 1335 Pe·
2110 1303 2153 1335 20

237 1355 336 1397 polis,
361 1355 519 1387 dominus
543 1355 697 1388 civitatis
719 1356 908 1394 Bononiae,
933 1356 1081 1388 decessit
1104 1361 1139 1388 et
1162 1361 1272 1388 morte
1288 1356 1438 1388 naturali
1462 1356 1531 1388 fuit
1554 1357 1600 1388 ad
1622 1356 1768 1400 gloriam
1792 1362 1953 1389 aeternae
1976 1355 2086 1389 beati-

237 1408 368 1441 tudinis
390 1415 565 1442 evocatus.
612 1409 685 1448 Qui
709 1409 909 1447 honorifice,
933 1415 971 1442 ut
995 1409 1151 1448 decebat,
1176 1410 1329 1451 sepultus
1351 1410 1420 1441 fuit
1442 1410 1488 1442 ad
1512 1409 1678 1442 Sanctum
1711 1410 1934 1442 Dominicum
1956 1410 1994 1442 in
2016 1410 2085 1442 Bo-

235 1462 351 1501 nonia,
377 1462 435 1494 die
458 1471 591 1504 xxva
623 1462 711 1495 dicti
741 1462 868 1495 mensis
891 1462 1104 1505 septembris.
1149 1462 1217 1494 Die
1241 1472 1323 1495 vero
1347 1463 1503 1506 sequenti
1535 1463 1712 1507 magnifici
1735 1463 1799 1495 filii
1831 1463 1894 1502 sui,
1921 1463 2086 1496 videlicet

236 1515 394 1548 dominus
416 1515 567 1559 Jacobus
590 1521 625 1548 et
649 1516 809 1548 dominus
830 1516 1008 1559 Johannes
1031 1516 1075 1548 de
1098 1515 1246 1558 Pepolis,
1271 1517 1412 1548 fuerunt
1434 1526 1497 1558 per
1519 1520 1629 1549 totum
1652 1516 1816 1559 populum
1836 1515 2026 1549 „Bononiae
2047 1515 2085 1547 in

236 1569 389 1601 dominio
413 1569 618 1602 confirmati.

322 1622 453 1655 Eodem
477 1632 580 1655 anno.
605 1642 646 1646 —
670 1622 842 1655 Obierunt
865 1623 1085 1666 quamplures
1108 1622 1192 1655 boni
1216 1628 1251 1655 et
1274 1622 1444 1655 notabiles
1467 1622 1562 1655 cives
1593 1622 1821 1655 bononienses
1843 1627 1953 1655 morte
1983 1627 2084 1655 natu-

233 1675 297 1707 rali
320 1675 358 1707 in
381 1675 550 1714 Bononia,
582 1676 675 1708 inter
705 1686 791 1719 quos
826 1676 895 1708 fuit
929 1676 1113 1708 Mathaeus
1137 1676 1180 1708 de
1208 1675 1428 1715 Blanchittis,
1463 1676 1615 1708 Melinus
1649 1675 1805 1708 Mathaei
1836 1676 1881 1708 de
1913 1675 2085 1708 Griffoni-

232 1729 306 1768 bus,
339 1739 394 1761 ser
427 1727 602 1762 Antonius
637 1729 837 1768 Chodecha,
868 1729 1052 1762 Mathaeus
1083 1729 1126 1761 de
1158 1729 1378 1768 Crescentiis,
1411 1739 1465 1761 ser
1495 1729 1623 1761 Tomas
1654 1729 1698 1761 de
1731 1728 1891 1768 Torellis,
1926 1727 2085 1760 Taninus

233 1783 277 1815 de
300 1782 456 1815 Galuciis
479 1793 594 1821 senex,
618 1782 750 1815 Gucius
774 1782 818 1815 de
841 1781 1134 1825 Prindipartibus,
1158 1782 1334 1826 Johannes
1357 1782 1401 1814 de
1424 1782 1536 1815 Pretis
1551 1788 1586 1815 et
1609 1782 1697 1815 certi
1720 1781 1794 1820 alii,
1817 1781 1979 1815 Carlinus
1993 1780 2084 1813 Mal-

232 1836 354 1880 vicius,
385 1836 511 1869 Furius
528 1834 754 1868 castellanus.

321 1889 452 1922 Eodem
475 1898 578 1928 anno,
603 1889 661 1921 die
684 1898 723 1930 xj
747 1888 950 1922 decembris.
968 1907 1010 1912 —
1026 1890 1106 1922 Rex
1128 1889 1317 1933 Ungariae,
1342 1889 1482 1922 nomine
1505 1888 1715 1927 Ludovicus,
1740 1899 1819 1921 cum
1834 1897 1891 1920 ΜΜ
1906 1887 2083 1932 equitibus

230 1942 326 1975 venit
349 1942 386 1974 in
408 1942 568 1975 Bononia
590 1942 737 1984 pacifice
760 1948 795 1975 et
818 1943 944 1986 quiete.
991 1943 1037 1976 Et
1061 1943 1118 1975 die
1142 1952 1195 1984 XIJ
1218 1942 1306 1976 dicti
1336 1943 1463 1975 mensis
1498 1942 1639 1975 recessit
1646 1955 1655 1980 3
1680 1947 1716 1974 et
1738 1952 1816 1974 cum
1840 1942 1909 1974 fuit
1939 1941 1985 1974 ad
2015 1941 2083 1974 Ca-

229 2002 335 2029 strum
359 1995 470 2028 sancti
497 1995 592 2028 Petri
615 1995 703 2028 fecit
726 1995 872 2028 militem
897 1995 1074 2028 dominum
1097 1995 1298 2029 Mathaeum
1321 1996 1448 2028 Zerrae
1470 1995 1619 2028 Romaei
1651 1995 1695 2027 de
1725 1994 1882 2037 Pepolis;
1906 1999 1941 2027 et
1963 1999 2083 2037 postea

231 2050 344 2082 dictus
360 2059 421 2082 rex
443 2049 509 2082 ivit
531 2049 577 2082 ad
592 2054 708 2091 partes
722 2047 874 2091 Apuliae
889 2049 935 2082 ad
951 2049 1218 2087 vindicandum3
1235 2055 1270 2082 et
1286 2049 1481 2082 vindicavit
1503 2054 1647 2081 mortem
1663 2048 1755 2092 regis
1778 2047 1940 2080 Andreae
1962 2047 2082 2080 fratris

230 2103 293 2142 sui,
318 2113 419 2147 quem
442 2102 563 2147 regina
586 2102 747 2146 Johanna
769 2102 844 2146 ejus
867 2112 954 2135 uxor
976 2102 1139 2145 suspendi
1163 2103 1306 2142 fecerat,
1329 2107 1368 2135 ut
1390 2113 1494 2145 supra
1517 2102 1591 2134 dixi
1615 2101 1652 2133 in
1676 2101 1900 2143 praecedenti
1923 2100 2028 2133 soleo.
2103 2097 2146 2131 35

316 2155 623 2190 M.CCCXLV111.
648 2174 690 2179 ——
713 2155 868 2188 Maxima
891 2162 926 2189 et
948 2155 1109 2189 inaudita
1142 2156 1334 2189 mortalitas
1369 2156 1439 2188 fuit
1472 2155 1662 2194 Bononiae,
1697 2165 1785 2198 quae
1815 2159 1940 2187 vocata
1970 2153 2039 2186 fuit
2061 2158 2097 2186 et

228 2221 362 2253 semper
384 2209 567 2242 vocabitur
588 2209 623 2241 Ia
645 2209 841 2252 mortalega
863 2210 1012 2252 grande,
1037 2209 1120 2253 quia
1150 2220 1337 2253 numquam
1367 2209 1437 2242 fuit
1466 2208 1586 2252 aliqua
1612 2208 1743 2240 similis.
1791 2207 1837 2239 Et
1859 2206 2014 2249 incoepit
2037 2206 2082 2239 de

228 2273 344 2295 mense
366 2262 450 2307 maji
473 2267 508 2294 et
531 2262 670 2295 duravit
693 2272 758 2304 per
779 2267 889 2294 totum
913 2272 1041 2295 annum
1065 2268 1100 2295 et
1123 2263 1198 2295 fere
1220 2263 1289 2295 fuit
1311 2273 1375 2304 per
1390 2267 1499 2303 totum
1515 2261 1681 2294 mundum
1696 2266 1731 2294 et
1748 2266 1818 2293 tam
1833 2269 1970 2304 magna,
1986 2259 2080 2303 quod

228 2317 317 2349 duae
339 2322 454 2359 partes
476 2326 520 2349 ex
542 2315 654 2348 tribus
675 2315 832 2358 partibus
855 2325 1078 2358 personarum
1102 2316 1247 2348 firmiter
1269 2316 1505 2353 decesserunt;
1537 2315 1630 2347 inter
1652 2324 1738 2357 quos
1768 2314 1988 2346 decesserunt
2010 2312 2079 2345 duo

226 2370 385 2402 doctores
407 2369 636 2402 bononienses
659 2378 722 2411 per
744 2374 854 2401 totum
886 2368 1052 2401 mundum
1075 2368 1307 2407 famosissimi,
1332 2367 1497 2401 videlicet
1520 2367 1680 2400 dominus
1702 2366 1878 2410 Johannes
1903 2364 2078 2405 Andreae,
2102 2365 2144 2397 40

227 2423 454 2462 decretorum,
477 2427 512 2455 et
534 2421 695 2454 dominus
716 2421 869 2465 Jacobus
891 2422 935 2454 de
957 2421 1178 2466 Butrigariis,
1202 2422 1317 2465 legum
1341 2421 1511 2454 doctores.

313 2476 446 2508 Eodem
469 2484 571 2508 anno.
596 2493 638 2498 —
663 2474 838 2508 Gerardus
861 2475 906 2507 de
929 2475 1127 2508 Ghisileriis
1149 2480 1184 2508 et
1207 2474 1405 2508 Canonicus
1441 2474 1484 2506 de
1516 2474 1673 2519 Galuciis
1707 2473 1834 2507 mortui
1869 2473 2010 2505 fuerunt
2039 2471 2077 2503 in

225 2530 341 2572 platea
363 2529 520 2561 comunis
541 2528 721 2561 Bononiae
744 2528 788 2560 de
810 2528 974 2561 mandato
997 2528 1215 2560 dominorum
1237 2528 1427 2560 Bononiae.

313 2582 445 2615 Eodem
468 2591 571 2615 anno.
595 2600 636 2604 —
659 2581 828 2613 Dominus
850 2580 1015 2614 Albertus
1039 2582 1082 2614 de
1106 2581 1325 2614 Griffonibus
1347 2581 1461 2625 legum
1486 2581 1610 2614 doctor
1632 2580 1779 2613 decessit
1802 2585 1911 2612 morte
1927 2577 2077 2612 naturali

226 2641 261 2669 et
283 2636 436 2678 sepultus
458 2635 528 2668 fuit
549 2635 740 2667 honorifice
761 2635 808 2667 ad
831 2633 998 2667 Sanctum
1022 2634 1258 2668 Franciscum.
2099 2629 2140 2664 45

311 2687 634 2722 M.CCCXLV1111.
660 2706 702 2711 ——
723 2688 893 2721 Dominus
914 2687 1116 2721 Ludovicus
1133 2688 1177 2720 de
1192 2688 1327 2720 Narnia
1343 2688 1412 2720 fuit
1427 2693 1578 2730 potestas
1600 2687 1779 2720 Bononiae
1801 2696 1864 2729 pro
1879 2682 2002 2728 prim'is
2017 2694 2077 2718 sex

223 2741 397 2775 mensibus
418 2746 453 2774 et
476 2741 635 2773 dominus
659 2741 775 2774 Guido
798 2741 842 2773 de
866 2741 1035 2784 Gaytanis
1058 2740 1102 2772 de
1124 2740 1214 2773 Pisis
1237 2740 1306 2773 fuit
1329 2746 1480 2783 potestas
1495 2740 1674 2773 Bononiae
1689 2749 1753 2783 pro
1776 2739 1948 2772 secundis.

2109 1567 2150 1601 25

2106 1834 2149 1866 30

314 2878 343 2896 11
365 2871 464 2904 quarto
482 2869 604 2903 augusti]
622 2871 714 2896 scritto
731 2878 762 2896 su
781 2871 949 2897 raschu‘atura
969 2883 1002 2889 —
1022 2876 1104 2904 29-30
1121 2870 1313 2898 Carlinus....
1333 2868 1519 2902 Casteuanus]
1545 2870 1644 2904 &nesti
1666 2869 1715 2894 due
1738 2869 1809 2894 nomi
1817 2869 1921 2902 sarona
1943 2867 2075 2901 aggiuntn'

224 2914 303 2939 molto
316 2912 366 2945 pin>
384 2913 461 2938 tardi
477 2913 513 2938 da
531 2914 607 2938 altra
625 2921 702 2939 mano
