2196 3424
0 182 15 241 ,b
124 206 209 254 [ΑΛ.
227 207 404 252 nos-121⁹]
708 198 1030 247 MEMORIALE
1057 210 1384 247 HISTORICUM
1944 196 1967 253 7μ

213 342 348 375 Eodem
370 352 461 375 anno
484 341 822 375 MCLXXXXVHI.
847 360 888 364 —
911 341 1008 375 Obiit
1024 342 1182 375 dominus
1199 342 1375 375 Gerardus
1390 343 1433 375 de
1451 342 1686 382 Scanabichis,
1704 343 1887 386 episcopus
1902 344 1970 376 Bo-

125 395 262 434 noniae,
286 401 321 428 et
343 394 410 427 fuit
433 394 564 427 electus
587 395 770 437 episcopus
793 395 951 428 dominus
974 395 1150 428 Gerardus
1173 395 1217 428 de
1240 393 1396 434 Ariostis‚
1421 396 1507 428 civis
1529 396 1760 429 bononiensis.

213 448 348 481 Eodem
371 457 472 480 anno.
497 466 538 470 —
562 447 659 481 Obiit
681 458 772 490 papa
794 447 1009 481 Coelestinus
1032 453 1067 481 et
1090 448 1256 480 successit
1278 448 1344 481 sibi
1367 448 1566 481 Inocentius
1589 460 1680 491 papa
1703 449 1842 482 tercius.

212 500 347 534 Eodem
369 510 471 533 anno-
496 518 537 523 -
561 500 657 534 Obiit
680 501 838 533 dominus
859 500 1104 543 Passipoverus
1127 501 1171 533 de
1201 500 1446 543 Passipoveris‚
1479 502 1523 534 de
1554 512 1622 545 quo
1645 507 1717 535 tota
1748 503 1869 536 civitas
1903 503 1971 536 Bo-

81 553 100 587 5
124 554 248 587 noniae
272 553 374 586 valde
398 553 517 592 doluit,
541 554 622 596 quia
645 559 718 586 erat
739 553 842 586 homo
865 554 967 586 valde
990 548 1101 587 bonus
1124 559 1159 587 et
1182 554 1329 586 dilectus
1360 554 1403 587 ab
1427 554 1595 588 omnibus.

124 666 203 694 tuus
225 665 276 692 est
291 670 395 702 super
409 659 524 702 platea
539 659 574 691 in
598 659 654 692 die
677 659 833 692 Pascatis
854 666 1004 693 roxatae.

210 711 581 746 M.CLXXXXVIIII.
605 731 646 736 —
670 713 837 745 Dominus
866 713 1017 747 Ubertus
1041 713 1250 748 Vicecomes
1273 714 1318 747 de
1349 714 1552 748 Mediolano
1574 715 1642 748 fuit
1664 721 1815 758 potestas
1847 716 1967 749 civita-

124 766 169 800 tis
191 765 380 799 Bononiae.

60 820 102 852 10
213 819 348 852 Eodem
371 828 473 851 anno.
497 837 539 842 —
563 818 618 851 Illi
642 819 686 852 de
710 819 812 852 domo
836 819 1071 853 Griffonorum
1094 820 1256 853 fecerunt
1286 820 1360 853 fieri
1390 820 1559 864 hospitale
1591 822 1704 856 sancti
1734 822 1903 855 Bernardi
1934 823 1970 855 in

70 863 72 865 ‚
121 872 279 906 Bononia
299 871 337 903 in
360 871 496 914 capella
518 878 659 905 sanctae
682 871 902 916 Margaritae.

210 925 345 958 Eodem
368 934 470 957 anno.
493 943 536 948 —
559 924 681 958 Ninxit
710 925 813 958 valde
847 925 984 959 fortiter
1007 926 1052 959 de
1074 937 1192 960 mense
1227 927 1362 971 augusti
1384 927 1421 959 in
1452 927 1611 961 Bononia
1639 934 1675 961 et
1704 929 1841 962 duravit
1863 929 1972 963 tribus

123 978 246 1011 diebus
268 988 431 1022 magnum
454 977 573 1021 frigus,
597 978 692 1020 quod
713 978 780 1010 fuit
802 984 997 1020 reputatum
1021 990 1146 1023 magna
1169 980 1312 1012 novitas.

212 1030 334 1064 MCC.
359 1049 401 1053 —
422 1030 590 1063 Dominus
612 1030 795 1064 Rolandus
818 1031 862 1064 de
885 1031 1007 1065 Russis
1030 1033 1074 1065 de
1098 1031 1223 1065 Parma
1237 1033 1304 1066 fuit
1319 1039 1470 1076 potestas
1493 1034 1682 1068 Bononiae.

17 1081 18 1084 ’
61 1083 99 1118 15
186 1084 347 1136 wEodem
375 1093 476 1116 anno.
501 1102 543 1106 —
566 1083 723 1117 Castrum
746 1084 857 1117 sancti
878 1084 974 1117 Petri
998 1091 1232 1118 constructum
1255 1086 1333 1119 fuit.

211 1137 368 1171 M.CCII.
393 1155 435 1160 —-
465 1136 635 1170 Palatium
671 1137 826 1170 comunis
858 1138 1045 1177 Bononiae,
1076 1138 1136 1172 ubi
1157 1138 1211 1182 jus
1241 1140 1409 1178 redditur,
1440 1140 1508 1174 fuit
1540 1147 1776 1174 constructum
1808 1147 1843 1175 et
1874 1143 1968 1175 ceci-

123 1189 188 1224 dit'
211 1191 313 1224 turris
335 1189 533 1234 Albergipti
564 1195 599 1223 et
629 1190 797 1223 destruxit
823 1196 957 1233 portam
993 1197 1027 1224 et
1050 1191 1170 1224 domos
1200 1191 1432 1225 Asinellorum
1465 1199 1500 1226 et
1529 1194 1708 1227 interfecit
1738 1195 1862 1228 multas
1892 1206 1971 1238 per-

121 1254 232 1277 sonas.

9 1309 12 1315 ⁷
211 1297 405 1331 M.CCIIII.
430 1316 471 1321 —
488 1297 645 1331 Castrum
667 1297 838 1330 Plumacii
868 1298 1088 1332 aedificatum
1116 1290 1198 1338 tuit,
1231 1299 1325 1342 quod
1347 1305 1427 1332 ante
1451 1299 1640 1333 vocabatur
1663 1300 1811 1334 Sanctus
1833 1301 1972 1335 Colom-

8 1354 9 1357 ’
57 1351 100 1383 20
124 1350 243 1384 banus.

209 1403 438 1437 M.CCVIIII.
463 1422 504 1427 —-
527 1404 695 1437 Dominus
717 1403 819 1444 Oete,
841 1404 931 1436 filius
954 1404 1053 1437 ducis
1076 1404 1268 1444 Sassoniae,
1292 1405 1349 1438 die
1372 1416 1431 1447 111J
1454 1406 1604 1439 octobris
1619 1406 1687 1440 fuit
1703 1414 1885 1441 coronatus
1907 1408 1972 1441 im-

0 1419 10 1482 }
121 1463 269 1500 perator.
315 1457 368 1490 Eo
391 1457 473 1500 quia
495 1457 668 1490 Henricus
689 1457 877 1499 imperator
898 1457 966 1490 fuit
993 1468 1128 1500 semper
1159 1464 1280 1491 contra
1302 1459 1499 1491 Ecclesiam
1521 1469 1696 1492 romanam
1721 1466 1756 1493 et
1777 1460 1858 1494 ideo
1881 1472 1972 1509 papa

121 1510 344 1543 Innocentius
366 1510 478 1553 ipsum
502 1510 690 1549 coronavit,
714 1521 758 1542 ne
781 1510 949 1553 Filippus,
972 1510 1080 1543 frater
1112 1511 1197 1544 dicti
1225 1511 1380 1550 Henrici,
1405 1513 1612 1546 succederet
1643 1513 1798 1556 imperio.
1845 1514 1890 1547 Et
1913 1524 1972 1547 eo-

19 1600 29 1607 ,
122 1564 202 1596 dem
225 1573 316 1595 anno
338 1563 526 1605 imperator
547 1563 745 1605 praedictus
769 1560 982 1596 confirmavit
1003 1564 1186 1608 privilegia
1208 1565 1363 1597 comunis
1385 1565 1572 1599 Bononiae.

55 1615 97 1649 25
210 1616 343 1649 Eodem
368 1626 458 1648 anno
480 1615 696 1650 MCCVIIII.

211 1669 390 1703 M.CCXI.
413 1688 455 1693 -—
480 1670 683 1712 Incoeptum
710 1670 778 1703 fuit
807 1670 977 1713 proelium
1001 1671 1090 1704 inter
1121 1671 1358 1705 Bononienses
1390 1678 1425 1706 et
1450 1673 1687 1713 Pistorienses‚
1710 1674 1746 1706 in
1770 1684 1838 1717 quo
1870 1675 1972 1708 multi

120 1723 358 1756 Bononienses
380 1723 506 1755 mortui
528 1722 670 1756 fuerunt
691 1723 737 1755 ad
760 1722 979 1768 Sambugam.

210 1776 344 1809 Eodem
367 1785 468 1808 anno.
494 1794 536 1798 —
558 1775 727 1808 Dominus
750 1775 956 1809 Guilielmus
980 1778 1025 1810 de
1048 1777 1206 1811 Posterla
1229 1779 1273 1811 de
1296 1778 1498 1812 Mediolano
1521 1780 1589 1813 fuit
1610 1786 1761 1823 potestas
1784 1781 1971 1814 Bononiae.

13 1859 14 1862 ,
209 1830 345 1862 Eodem
370 1838 471 1862 anno.
489 1847 530 1852 -
546 1829 783 1862 Bononienses
807 1830 1049 1873 equitaverunt
1066 1831 1253 1875 Duglolum
1269 1833 1306 1865 in
1329 1833 1505 1866 servitium
1530 1833 1794 1878 Saglinguerrae
1819 1834 1863 1866 de
1887 1835 1971 1867 Fer-

9 1905 12 1911 ·
57 1884 100 1916 30
124 1883 223 1916 raria-

211 1935 405 1970 M.CCX11.
430 1954 471 1959 —
494 1935 732 1969 Bononienses
766 1946 845 1969 cum
877 1947 1003 1981 magno
1039 1938 1194 1971 exercitu
1229 1939 1426 1981 equitarunt
1459 1950 1562 1982 super
1592 1946 1744 1972 montem
1781 1940 1971 1984 Sambuga-

122 1999 205 2021 num
240 1995 361 2022 contra
394 1987 620 2021 Pistorienses
649 1994 685 2021 et
714 1988 840 2021 multos
869 1989 1123 2024 interfecerunt
1157 1996 1193 2023 et
1226 2000 1347 2024 omnes
1378 1992 1463 2024 alios
1498 1992 1670 2025 duxerunt
1704 1999 1824 2035 captos
1858 1993 1971 2026 Bono-

122 2052 224 2074 mam.

15 2123 17 2126 .
209 2094 421 2128 M.CCXIII.
438 2113 480 2117 —
502 2094 670 2127 Dominus
693 2094 867 2128 Gerardus
890 2096 935 2128 de
957 2094 1104 2129 Ariostis
1127 2097 1171 2129 de
1194 2097 1361 2136 Bononia,
1384 2099 1566 2141 episcopus
1580 2099 1817 2138 Bononiensis,
1842 2111 1971 2132 renun-

4 2160 7 2163 ⁴
55 2148 97 2180 35
121 2148 219 2181 tiavit
248 2147 463 2190 episcopatui
494 2153 529 2180 et
558 2147 637 2180 loco
667 2148 720 2180 sui
749 2147 818 2181 fuit
839 2148 954 2181 factus
975 2149 1158 2192 episcopus
1189 2150 1347 2183 dominus
1377 2151 1550 2184 Henricus
1574 2152 1618 2184 de
1642 2152 1676 2184 la
1698 2153 1824 2185 Fratta.

209 2201 436 2234 M.CCXIIIL
453 2218 494 2223 —
517 2201 686 2233 Dominus
706 2200 916 2243 Rodulphus
937 2202 1186 2245 Bergognonus
1209 2203 1276 2236 fuit
1298 2210 1448 2246 potestas
1470 2205 1657 2238 Bononiae.

210 2253 404 2287 M.CCXV.
429 2271 471 2276 --
493 2253 662 2286 Dominus
685 2254 891 2287 Guilielmus
913 2255 1106 2299 Rangonus
1130 2252 1176 2288 fle
1199 2256 1337 2289 Mutina
1359 2257 1426 2290 fuit
1448 2264 1600 2300 potestas
1623 2258 1811 2291 Bononiae.

212 2306 424 2340 M.CCXV1.
449 2324 491 2329 -—
515 2305 742 2340 Viscontinus
763 2306 831 2339 fuit
853 2314 1006 2349 potestas
1028 2308 1218 2342 Bononiae.

170 2377 175 2388 u
212 2359 443 2393 M.CCXV11‚
467 2377 509 2382 —
531 2359 698 2392 Dominus
723 2359 928 2392 Guilielmus
952 2361 996 2393 de
1020 2361 1172 2394 Canossa
1195 2363 1239 2395 de
1263 2362 1378 2407 Regio
1400 2363 1468 2396 fuit
1490 2369 1641 2406 potestas
1664 2365 1851 2397 Bononiae.

6 2428 17 2457 χ
58 2415 100 2446 40
211 2412 460 2446 M.CCXVIII.
484 2430 526 2435 —
550 2412 708 2445 Castrum
732 2413 843 2445 sancti
865 2413 965 2446 Pauli
987 2414 1188 2456 incoeptum
1211 2415 1279 2448 fuit
1300 2416 1376 2448 fieri
1405 2417 1442 2448 in
1466 2417 1630 2450 comitatu
1653 2417 1840 2451 Bononiae.

211 2467 312 2508 [Item
334 2466 512 2509 aedfficata
523 2464 605 2510 suit
626 2464 752 2498 eclexia
764 2465 928 2510 fratrum
957 2466 1211 2500 Umilliatorum
1235 2469 1276 2500 de
1299 2469 1462 2502 Bononia.

212 2518 361 2553 MCCX
362 2518 485 2552 VIIII
502 2537 544 2542 —
567 2518 734 2552 Dominus
756 2518 930 2553 Henricus
951 2531 1058 2553 comes
1082 2522 1124 2553 de
1146 2522 1293 2565 Pappia
1307 2521 1388 2566 fuit
1408 2526 1557 2566 potestas
1581 2523 1763 2557 Bononiae.

210 2574 263 2606 Et
284 2583 321 2604 eo
343 2582 429 2604 anno
451 2573 686 2615 congregacio
699 2571 864 2617 fratrum
886 2574 1173 2607 Praedicatorum
1195 2576 1332 2619 incepta
1345 2575 1427 2620 suit
1448 2578 1562 2620 primo
1584 2577 1683 2620 apud
1694 2582 1826 2610 santum
1842 2578 1974 2611 JVicho-

123 2627 213 2659 Iaum
235 2627 271 2659 in
294 2629 399 2669 porta
420 2626 531 2658 sancti
543 2626 702 2659 Proculli
722 2630 756 2658 et
776 2626 880 2670 paulo
893 2626 981 2671 fata
995 2626 1076 2672 fuit
1098 2629 1337 2672 congregacio
1347 2621 1510 2674 fra'trum
1533 2630 1710 2662 Mz'norum
1734 2631 1770 2663 in
1792 2632 1918 2664 Puiola
1939 2632 1976 2664 in

15 2695 21 2705 «
59 2678 100 2712 45
123 2683 228 2724 porta
250 2677 367 2713 Sterni

216 2833 228 2851 1
254 2825 522 2859 Mchxxxvm]
535 2833 604 2852 corr.
623 2836 652 2852 su
665 2835 700 2853 un
720 2833 788 2861 1193
807 2829 954 2854 cancellato
974 2842 1006 2847 —
1026 2835 1040 2854 2
1061 2829 1133 2856 cifis
1150 2829 1345 2863 bonomensis]
1363 2831 1497 2864 aggr‘unto
1509 2830 1560 2863 piu}
1578 2831 1657 2857 tardi
1673 2846 1706 2850 —
1719 2835 1734 2863 7
1748 2832 1780 2857 ln
1794 2831 1839 2857 dle
1853 2832 1975 2857 Pascatxs

126 2870 249 2904 roxatae]
262 2871 468 2903 probabilmente
486 2880 554 2904 agg.
569 2871 620 2903 pir}
639 2873 723 2898 tardi.
744 2887 777 2892 -—-
797 2879 810 2897 2
815 2878 829 2905 5
849 2874 955 2899 Eodem
973 2881 1048 2899 anno
1068 2873 1243 2907 MCCVIIII]
1263 2875 1290 2899 A
1308 2879 1398 2907 questa
1415 2876 1578 2901 indican‘one
1596 2876 1693 2901 d'anno
1711 2885 1789 2909 segue
1813 2884 1861 2901 uno
1885 2878 1976 2907 spatio

125 2915 215 2941 bianco
228 2930 260 2934 —
273 2923 348 2949 41-p.
363 2921 387 2948 7.
399 2917 416 2941 1.
433 2915 465 2942 16
484 2918 583 2950 Queste
594 2919 693 2948 parole
710 2919 738 2943 in
756 2919 858 2943 corsivo
876 2927 889 2942 e
899 2919 954 2952 fra
968 2920 1107 2950 parentesi
1122 2923 1215 2944 stanno
1234 2928 1252 2944 a
1264 2923 1466 2951 rappresentare
1483 2921 1509 2945 il
1524 2924 1656 2946 contenuto
1680 2922 1752 2946 della
1771 2925 1848 2946 carta
1867 2922 1909 2946 che
1933 2922 1978 2953 qui

125 2968 216 2986 manea
235 2969 248 2985 e
265 2969 310 2986 son
327 2962 465 2987 trascritte
483 2961 534 2987 dal
549 2962 604 2988 cod.
622 2963 694 2988 della
713 2962 785 2988 Bibl.
803 2963 1031 2989 dell’Universita
1050 2964 1081 2989 dn·
1097 2964 1220 2997 Bologna
1240 2965 1313 2996 1456
1331 2963 1369 2997 [a
1378 2966 1415 2997 38
1433 2975 1459 2997 a,
1479 2964 1508 2990 ι·
1525 2974 1539 2990 e
1556 2967 1585 2990 2·
1602 2965 1663 2999 col-1

212 606 347 639 Eodem
369 615 471 639 anno.
495 624 537 629 —-
554 606 730 649 Spinellus
746 607 789 639 de
807 606 1084 640 Carbonensibus
1106 606 1334 651 bagurdando
1358 607 1488 641 cecidit
1510 608 1554 641 ab
1578 619 1667 651 equo
1691 614 1726 642 et
1748 609 1861 643 subito
1881 619 1971 642 mor·
2018 643 2020 645 .

2046 1207 2123 1233 Mun..
2142 1207 2180 1228 10⁹
