2196 3424
122 193 205 232 [ΛΑ.
224 192 419 229 1296-1299]
704 184 1024 224 MEMORIALE
1053 186 1376 225 HISTORICUM
1906 188 1952 229 27

123 331 202 354 cum
234 329 359 363 magua
390 318 553 351 comitiva
583 322 753 359 ceperunt
783 316 925 348 Imolam
951 317 1226 350 Bononiensibus
1258 324 1292 350 et
1316 318 1468 351 conflicti
1498 319 1639 352 fuerunt
1662 322 1741 351 1111m
1773 319 1909 361 pedites
1933 326 1968 352 et

123 371 257 416 equites·
279 372 323 404 de
346 370 521 414 quarterio
544 375 665 412 portae
689 369 800 401 sancti
822 368 919 401 Petri
942 369 1091 402 civitatis
1121 369 1308 408 Bononiae,
1332 371 1391 413 qui
1419 377 1517 404 erant
1540 372 1575 403 in
1599 371 1722 410 Imola;
1747 378 1782 404 et
1804 372 1871 404 hoc
1896 372 1966 404 fuit

123 426 180 459 die
201 425 314 468 primo
338 423 466 456 mensis
488 423 628 465 aprelis.

210 478 298 511 Item
326 477 383 510 die
407 476 599 519 praedicta.
616 493 658 499 —
681 475 849 507 Dominus
870 475 1024 507 marchio
1041 474 1138 518 Acco
1161 476 1204 508 de
1229 476 1389 508 Ferraria
1411 478 1507 509 venit
1531 478 1574 509 de
1590 477 1726 510 Mutina
1742 488 1820 510 cum
1844 488 1968 521 magno

79 530 98 564 5
123 531 279 564 exercitu
310 536 346 563 et
376 530 439 562 ivit
468 529 514 561 ad
543 529 718 572 Bacanum
747 533 781 560 et
811 527 899 560 illud
930 528 1145 561 reaedificari
1176 528 1263 561 fecit
1293 529 1329 560 in
1361 530 1567 571 vituperium
1599 531 1754 563 comunis
1782 531 1969 563 Bononiae.

122 584 169 617 Et
191 590 274 617 tunc
298 583 533 616 Bononienses
556 581 798 624 equitaverunt
820 580 990 613 Mutinam
1015 587 1049 614 et
1073 581 1186 613 dictus
1208 581 1373 620 marchio,
1390 583 1541 614 sentiens
1557 583 1634 621 hoc,
1651 583 1785 627 aufugit
1809 584 1852 616 de
1878 594 1971 616 cam-

122 647 168 680 po
191 647 270 670 cum
294 636 433 669 modico
455 635 588 668 honore
613 640 647 667 et
669 642 756 678 gens
778 645 839 666 sua
861 634 996 676 recepit
1019 644 1180 677 magnum
1205 634 1378 667 damnum.

211 690 347 723 Eodem
370 699 472 721 anno.
497 706 539 712 --
563 687 731 720 Dominus
753 687 928 719 Nordolus
952 687 996 719 de
1020 687 1185 719 Nordolis
1209 687 1253 719 de
1277 687 1395 726 Imola,
1420 689 1479 731 qui
1503 689 1662 730 expulsus
1685 695 1759 722 erat
1783 690 1827 722 de
1851 689 1969 727 Imola,

19 776 22 779 ,
121 753 191 776 una
214 753 292 775 cum
315 742 391 774 aliis
422 740 616 774 extrinsicis
646 735 774 773 Imolae
807 746 842 772 et
874 750 953 772 cum
985 740 1217 782 stipendiariis
1249 741 1404 772 comunis
1434 741 1622 780 Bononiae,
1653 743 1791 784 accepit
1821 749 1969 774 castrum

20 806 22 811 ·
61 797 100 829 10
122 796 257 829 Massae
274 796 455 828 comitatus
472 794 599 827 Im01ae
617 799 651 826 et
668 793 766 826 dedit
787 792 875 825 illud
897 793 1035 825 comuni
1058 792 1245 825 Bononiae.
1942 822 1945 826 ,

211 849 347 882 Eodem
369 858 472 886 anuo,
497 847 553 880 die
577 856 653 878 xxv
675 845 891 888 septembris.
918 864 954 868 —
981 845 1218 878 Bononienses
1246 846 1488 888 equitaverunt
1511 858 1628 879 versus
1659 847 1828 880 Mutinam
1861 854 1895 881 et
1918 848 1970 880 fe-

84 907 86 909 '
123 908 246 935 cerunt
268 911 430 945 magnum
454 901 616 933 damnum
629 898 895 931 »Mutinensibus
918 904 953 931 et
974 898 1008 930 in
1034 898 1232 931 reversione
1256 910 1327 937 sua,
1343 900 1379 931 in
1393 900 1449 932 die
1466 900 1577 932 sancti
1592 900 1785 938 Michaelis,
1803 907 1971 943 ceperunt

124 960 273 987 castrum
297 953 485 997 Savignani
509 958 544 985 et
566 951 692 984 mortui
723 950 865 983 fuerunt
895 951 992 993 quasi
1023 961 1143 983 omnes
1173 952 1232 993 qui
1256 958 1353 984 erant
1375 952 1411 984 in
1435 953 1508 994 ipso
1533 958 1656 984 castro.

27 1042 36 1052 «γ
210 1005 577 1040 M.CCLXXXXV11.
594 1023 636 1028 —
652 1004 806 1037 Comites
830 1004 874 1036 de
898 1003 1030 1036 Panico
1054 1009 1089 1036 et
1111 1003 1276 1037 Albertus
1299 1005 1429 1036 domini
1452 1003 1595 1037 Antonii
1612 1005 1656 1037 de
1681 1006 1836 1038 Galuciis
1858 1007 1965 1039 inter-

61 1059 99 1093 15
123 1061 285 1094 fecerunt
315 1059 492 1092 dominum
522 1058 695 1090 Dalfinum
725 1057 856 1090 domini
887 1056 1071 1089 Michaelis
1101 1056 1231 1089 Prioris
1258 1056 1354 1100 juxta
1384 1058 1611 1099 pontesellum
1643 1055 1760 1091 sancti
1782 1058 1971 1103 Arcangeli

30 1116 32 1123 ⁴
121 1114 158 1146 in
180 1113 352 1151 Bononia;
377 1118 413 1145 et
443 1117 588 1154 propter
617 1110 714 1143 illum
746 1110 924 1142 dominum
955 1109 1129 1142 Dalfinum
1162 1116 1196 1143 et
1227 1110 1271 1142 ab
1302 1110 1375 1152 ejus
1406 1111 1544 1142 nomine
1576 1111 1626 1142 illi
1659 1111 1702 1143 de
1734 1112 1877 1143 Dalfinis
1908 1122 1970 1144 no-

123 1167 244 1199 minati
266 1166 408 1198 fuerunt
430 1171 552 1208 postea
574 1164 619 1197 de
650 1163 805 1202 Dalfinis,
829 1163 890 1195 ubi
912 1163 1024 1205 primo
1055 1162 1271 1196 vocabantur
1301 1163 1352 1195 illi
1382 1163 1426 1195 de
1449 1162 1580 1195 Priore.
1627 1164 1673 1196 Et
1696 1164 1740 1196 ob
1763 1165 1855 1196 illam
1879 1174 1971 1196 mor-

123 1225 193 1253 tem
215 1229 286 1252 non
309 1224 423 1262 potest
444 1217 623 1250 aedificari
645 1216 779 1259 aliquid
801 1226 907 1258 super
928 1216 988 1248 illo
1021 1222 1229 1255 casamento,
1261 1216 1355 1259 quod
1379 1221 1430 1249 est
1460 1226 1569 1258 prope
1601 1217 1828 1258 pontesellum
1860 1218 1971 1250 sancti

123 1270 326 1316 Arcangeli.

59 1327 101 1358 20
211 1325 345 1358 Eodem
375 1335 477 1357 anno.
504 1343 545 1347 ——
575 1325 684 1357 Facta
715 1323 781 1356 fuit
812 1323 1002 1355 concordia
1032 1333 1097 1364 per
1126 1323 1362 1355 Bononienses
1394 1333 1472 1354 cum
1504 1322 1629 1354 comite
1660 1321 1806 1355 Alberto
1838 1323 1970 1355 comitis

122 1377 308 1412 Alesandri
330 1378 375 1411 de
398 1378 585 1422 Mangone,
608 1377 668 1420 qui
690 1376 850 1409 vendidit
872 1376 1011 1408 comuni
1033 1376 1210 1408 Bononiae
1236 1381 1385 1408 castrum
1409 1375 1604 1419 Bargatiae.

212 1432 347 1465 Eodem
378 1441 480 1470 anno,
512 1431 569 1463 die
601 1439 669 1471 ΧΗ]
693 1429 780 1474 julii.
813 1446 855 1452 -—
887 1429 1043 1462 Comune
1074 1429 1252 1461 Bononiae
1283 1429 1374 1461 misit
1407 1434 1478 1461 tres
1508 1428 1758 1460 ambaxiatores
1788 1429 1833 1461 ad
1864 1429 1972 1461 domi-

123 1496 205 1518 num
235 1490 390 1518 nostrum
419 1483 558 1527 papam,v
586 1483 726 1516 indutos
748 1482 792 1515 de
816 1482 940 1515 eodem
963 1492 1090 1525 panno,
1118 1482 1279 1524 expensis
1309 1482 1465 1514 comunis
1495 1482 1689 1519 Bononiae;
1718 1482 1777 1524 qui
1799 1482 1972 1514 ambaxia-

15 1554 18 1558 ⁴
123 1544 217 1571 tores
246 1538 388 1571 fuerunt
417 1537 642 1579 infrascripti,
659 1536 841 1569 videlicet:
866 1535 1025 1568 dominus
1047 1534 1214 1568 Albertus
1246 1535 1290 1567 de
1322 1534 1549 1567 Cazanimicis
1571 1534 1679 1573 miles,
1713 1534 1870 1566 dominus
1898 1533 1972 1566 An-

58 1589 100 1624 25
125 1591 226 1623 dreas
257 1591 301 1624 de
322 1590 490 1624 Albirolis
521 1590 646 1623 doctor
669 1595 704 1622 et
727 1589 934 1622 Guilielmus
957 1589 1001 1621 de
1026 1588 1254 1621 Griffonibus.
1365 1615 1367 1617 .

13 1651 15 1655 ⁴
212 1643 596 1678 M.CCLXXXXV111.
613 1662 654 1666 —
670 1643 840 1676 Dominus
862 1642 1038 1675 Nordolus
1060 1642 1104 1674 de
1129 1642 1292 1674 Nordolis
1308 1642 1352 1674 de
1370 1642 1476 1674 Imola
1491 1642 1557 1674 fuit
1574 1642 1790 1684 decapitatus
1805 1642 1840 1673 in
1857 1641 1971 1683 platea

124 1698 280 1730 comunis
301 1697 490 1735 Bononiae,
515 1707 556 1730 eo
579 1697 661 1739 quia
683 1696 821 1730 volebat
837 1696 1000 1738 accipere
1018 1696 1156 1729 comuni
1179 1695 1356 1727 Bononiae
1381 1701 1529 1728 castrum
1546 1695 1691 1733 Massae,
1715 1694 1810 1737 quod
1827 1695 1972 1727 dederat

124 1750 264 1783 comuni
285 1751 474 1783 Bononiae.

214 1803 350 1837 Eodem
372 1813 475 1836 anno.
500 1822 542 1827 —
565 1803 678 1836 Raule
702 1795 746 1836 de
770 1803 984 1836 Zambraxiis
1015 1803 1059 1836 de
1091 1803 1260 1836 Faventia
1290 1809 1444 1835 mortuus
1474 1802 1541 1835 fuit
1571 1811 1679 1844 prope
1711 1801 1920 1834 Barbianum
1951 1812 1972 1833 a

26 1865 30 1893 ;
59 1856 102 1888 30
123 1862 228 1900 gente
252 1857 388 1890 comitis
409 1856 592 1889 Malvixini
614 1857 658 1889 de
680 1857 947 1901 Bagnacavallo.

26 1909 29 1911 ’
212 1909 348 1942 Eodem
379 1920 480 1943 anno.
512 1928 554 1932 —
588 1901 749 1942 Marehio
780 1910 936 1942 Estensis
974 1910 1066 1943 misit
1101 1909 1288 1942 diffidando
1326 1920 1472 1942 comune
1509 1908 1686 1941 Bononiae
1718 1913 1752 1940 et
1783 1908 1873 1940 misit
1907 1908 1972 1940 sibi

123 1969 288 2006 guantum
311 1963 480 2007 bataglae.
526 1963 572 1996 Et
599 1970 682 1996 tunc
708 1962 946 1996 Bononienses
975 1974 1053 1996 cum
1082 1973 1207 2006 magno
1239 1963 1364 2006 gaudio
1395 1962 1468 1994 sine
1498 1960 1643 2004 alicujus
1674 1961 1814 1993 alterius
1844 1961 1971 1993 auxilio

125 2015 366 2057 equitaverunt
388 2016 478 2048 ultra
500 2016 707 2049 Plumatium
731 2027 836 2059 super
866 2017 1039 2049 territorio
1068 2015 1224 2049 Mutinae
1253 2022 1288 2048 et
1318 2016 1480 2048 fecerunt
1510 2015 1660 2056 splanari
1692 2024 1811 2046 omnes
1841 2024 1970 2056 passus.

125 2066 207 2106 Quo
238 2069 357 2102 audito
379 2069 546 2108 marchio,
570 2070 630 2112 qui
653 2070 784 2102 exierat
807 2070 852 2103 de
875 2069 1013 2103 Mutina
1037 2080 1114 2102 cum
1138 2080 1199 2102 suo
1223 2069 1389 2106 exercitu,
1413 2068 1557 2100 recessit
1581 2067 1624 2099 de
1649 2077 1772 2108 campo
1803 2072 1838 2099 et
1864 2067 1971 2099 intra-

26 2131 29 2139 Α
60 2119 102 2152 35
127 2121 177 2154 vit
206 2120 387 2154 Mutinam.

76 2217 77 2221 Ἰ
213 2174 348 2210 Eodem
370 2185 472 2208 anno.
496 2194 538 2199 —
560 2175 739 2209 Reversus
761 2175 831 2209 est'
855 2182 890 2209 et
908 2176 1126 2209 cancellatus
1149 2176 1192 2208 de
1216 2175 1331 2207 banno
1354 2174 1576 2207 Bastardinus
1599 2173 1730 2205 domini
1761 2171 1899 2205 Andalo
1924 2173 1968 2205 de

112 2226 341 2266 ·Grifonibus‚
364 2228 423 2271 qui
447 2235 521 2271 erat
544 2230 703 2272 expulsus
725 2240 790 2272 pro
814 2236 926 2262 morte
949 2229 1066 2262 militis
1090 2229 1221 2261 domini
1244 2223 1422 2270 potestatis
1444 2226 1632 2259 Bononiae.

213 2281 348 2314 Eodem
378 2283 479 2315 anno.
503 2301 546 2306 —
569 2283 666 2316 Obiit
697 2283 869 2316 Galucina
899 2283 943 2315 de
976 2282 1140 2321 Galuciis,
1161 2281 1297 2325 juvenis
1314 2280 1414 2312 valde
1437 2280 1628 2322 pulcerima
1651 2285 1685 2312 et
1709 2279 1903 2318 domicella,
1927 2280 1971 2312 de

16 2370 19 2375 ,
125 2343 194 2376 qua
216 2343 336 2367 omnes
359 2335 555 2368 doluerunt.

26 2418 29 2430 ζ
59 2386 102 2418 40
213 2386 612 2422 M.CCLXXXXVIIII.
629 2408 671 2413 ——
688 2391 797 2423 Facta
813 2390 879 2422 fuit
896 2401 963 2432 pax
979 2390 1070 2422 inter
1084 2389 1321 2421 Bononienses
1345 2393 1380 2420 et
1402 2386 1578 2419 dominum
1595 2386 1830 2418 marchionem
1848 2386 1971 2418 Esten-

125 2450 208 2478 sem,
225 2440 456 2474 mediantibus
477 2442 768 2476 ambaxiatoribus
791 2443 1087 2480 Florentinorum;
1112 2448 1147 2474 et
1170 2442 1300 2474 factum
1324 2440 1390 2472 fuit
1414 2439 1696 2481 compromissum
1720 2438 1764 2470 de
1787 2438 1862 2480 ipsa
1883 2449 1971 2480 pace

125 2503 189 2535 per
211 2492 322 2526 dictas
344 2500 461 2535 partes
482 2495 519 2526 in
542 2495 655 2528 dictos
677 2495 929 2528 ambaxiatores
952 2501 987 2528 et
1009 2495 1121 2536 aperti
1144 2495 1285 2527 fuerunt
1302 2493 1413 2525 subito
1437 2502 1556 2524 omnes
1579 2501 1696 2533 passus
1712 2497 1746 2523 et
1763 2501 1881 2523 omnes
1897 2502 1973 2523 car-

126 2546 234 2579 cerati
257 2547 434 2589 utriusque
457 2549 564 2590 partis
587 2549 742 2582 relassati
765 2549 916 2582 fuerunt.

28 2642 30 2647 ‚
213 2600 349 2632 Eodem
371 2611 474 2633 anno.
494 2592 540 2624 ‘—
564 2602 708 2634 Factum
732 2602 799 2634 fuit
831 2602 1127 2644 compromissum,
1159 2600 1298 2633 laudum
1331 2605 1366 2632 et
1393 2609 1461 2641 pax
1485 2599 1576 2630 inter
1607 2597 1845 2629 Bononienses
1875 2597 1973 2641 guel-

17 2670 29 2689 ,-
61 2650 101 2684 45
125 2652 180 2685 fos
201 2653 408 2686 intrinsecos
430 2665 474 2687 ex
495 2665 565 2687 una
587 2661 685 2698 parte
709 2662 744 2688 et
768 2655 988 2688 Ghibellinos
1010 2655 1170 2696 expulsos
1193 2664 1236 2686 ex
1258 2653 1386 2689 altera;
1412 2658 1446 2684 et
1462 2651 1559 2683 multi
1575 2651 1771 2687 redierunt;
1796 2656 1831 2682 et
1852 2650 1973 2682 arbitri

17 2703 19 2706 ⁴
126 2705 267 2739 fuerunt
282 2717 285 2719 “
299 2707 459 2740 dominus
492 2707 653 2740 Mafaeus
687 2707 898 2741 Vicecomes
932 2708 976 2740 de
1012 2706 1213 2740 Mediolano
1244 2712 1278 2738 et
1311 2705 1469 2738 dominus
1507 2704 1611 2750 Canis
1642 2703 1686 2735 de
1721 2703 1755 2735 la
1786 2702 1889 2735 Scala
1927 2703 1970 2735 de

126 2759 279 2794 Verona.

214 2813 349 2847 Eodem
372 2825 476 2848 anno.
500 2833 542 2838 ——
572 2815 741 2848 Dominus
772 2815 953 2848 Florianus
985 2814 1028 2847 de
1061 2812 1264 2846 Garisendis
1295 2812 1339 2844 de
1369 2810 1529 2844 Bononia
1559 2810 1625 2843 fuit
1655 2809 1788 2842 electus
1818 2814 1970 2851 potestas

216 2953 294 2980 22-25
315 2947 423 2976 Nott'aeia
442 2958 510 2983 agg.
524 2949 573 2981 pin)
592 2950 669 2975 tardi
687 2964 719 2969 -
738 2948 820 2982 3⁶·39
839 2949 948 2974 Notizie
968 2956 1033 2980 agg.
1049 2946 1098 2978 pit>
1117 2946 1193 2971 tardi
1210 2959 1241 2974 -.-
1261 2950 1294 2978 47
1315 2943 1490 2976 Garisendis]
1509 2943 1602 2968 scritto
1623 2951 1651 2968 su
1670 2941 1803 2967 abrasum

2040 1022 2059 1038 c.
2079 1016 2132 1040 501

2047 2183 2122 2208 Mun..
2138 2182 2178 2203 1³2
