2242 3418
182 156 266 194 [ΔΑ.
288 159 471 192 1³70-1s72]
772 148 1093 186 MEMORIALE
1121 149 1446 186 HISTORICUM
1979 150 2026 187 09

191 223 1041 233 .-„m-..n-„m—fflm—.......-......-..............mn-...m-...4-0-..m4-..m-...Wn-„0
1083 224 1180 228 .............,...

178 284 285 316 rocha
307 293 376 316 non
400 283 548 316 habebat
571 282 751 315 introitum
774 287 810 314 et
832 281 973 319 exitum,
997 280 1097 313 multi
1120 281 1164 313 de
1186 280 1347 325 gentibus
1371 281 1503 313 domini
1527 281 1742 314 Bernabovis
1764 291 1800 313 se
1830 281 1868 319 in
1899 281 2030 313 dictam

178 336 319 369 rocham
342 335 566 375 recluserunt,
589 335 681 368 inter
703 344 789 378 quos
816 334 885 367 fuit
915 333 1115 378 Paganinus
1145 343 1259 366 comes
1289 333 1333 365 de
1355 325 1499 379 Panico.
1543 334 1669 367 Postea
1698 344 1762 377 per
1790 334 1927 377 aliquos
1957 334 2032 366 dies

178 394 346 421 venerunt
369 388 490 421 literae
513 387 706 420 Bononiam
730 387 872 419 domino
895 386 1067 419 cardinali
1097 386 1142 419 de
1172 385 1334 428 captione
1365 386 1470 418 castri
1500 387 1663 429 predicti,
1695 387 1739 419 de
1771 397 1840 430 quo
1870 397 2030 430 magnam

178 441 346 474 laetitiam
369 441 457 474 fecit
479 441 572 473 idem
598 440 758 473 dominus
781 439 980 472 cardinalis.

136 493 154 526 5
267 494 399 527 Eodem
422 503 525 533 anno,
550 493 608 526 die
631 502 700 534 x11J
723 492 934 535 septembris.
961 511 1003 515 —
1026 491 1124 535 Papa
1146 491 1308 525 Urbanus
1331 491 1366 525 V
1389 492 1530 525 recessit
1546 492 1590 525 de
1613 492 1690 526 istis
1712 492 1870 536 partibus
1892 498 1927 525 et
1950 502 2033 525 con-

178 547 323 580 tinuatis
345 546 467 579 diebus
489 546 555 579 ivit
578 546 670 579 ultra
692 551 835 578 montes.
1077 538 1080 540 ’

265 599 398 632 Eodem
420 609 523 639 anno,
547 599 605 631 die
628 608 737 640 xva
760 595 964 631 decembris.
989 616 1031 621 -
1054 597 1211 631 Decessit
1234 597 1350 630 dictus
1372 608 1465 641 papa
1492 597 1655 631 Urbanus
1686 599 1723 631 in
1753 599 1941 638 Avinione,
1966 609 2034 642 qua

178 653 223 686 de
245 663 348 685 causa
371 662 488 685 omnes
511 652 694 685 societates
716 651 894 684 Bononiae
917 657 952 684 et
974 651 1075 684 multi
1099 652 1193 684 cives
1215 661 1252 683 se
1274 651 1463 684 induerunt
1486 652 1531 684 de
1553 661 1670 694 panno
1693 652 1805 696 nigro.

269 705 401 739 Eodem
424 715 528 744 anno,
552 705 610 737 die
633 714 687 746 XIJ
709 703 922 747 septembris.
947 722 990 727 -
1014 703 1113 737 Obiit
1135 704 1311 747 Johannes
1333 704 1378 736 de
1400 704 1611 737 clarissimis
1635 705 1679 737 de
1701 705 1870 738 Bononia.

117 759 156 791 10
266 758 539 792 M.CCCLXXI.
557 776 598 781 —
614 757 783 790 Dominus
805 757 1012 790 Franciscus
1028 757 1072 790 de
1087 757 1240 799 Capellis
1255 757 1299 789 de
1321 757 1460 790 Mutina
1482 758 1597 802 legum
1621 758 1744 791 doctor
1765 758 1835 791 fuit
1858 758 2034 802 vicepote-

179 816 248 844 stas
278 812 456 844 Bononiae
463 824 473 850 ;
498 811 659 844 dominus
682 810 805 843 Petrus
835 810 879 843 de
902 811 937 843 la
958 810 1098 843 Marina
1121 810 1165 842 de
1195 810 1376 843 Recaneto
1401 811 1470 843 fuit
1492 816 1644 853 potestas
1666 811 1856 844 Bononiae.
1879 828 1891 834 ν

268 865 400 897 Eodem
416 874 520 904 anno,
543 865 582 896 in
605 864 663 896 die
685 863 881 907 Epifaniae.
900 882 942 886 —
958 864 1040 897 Fuit
1056 869 1240 896 coronatus
1256 864 1294 895 in
1309 874 1436 906 papam
1452 863 1613 896 dominus
1636 864 1758 896 Petrus
1780 865 1970 898 cardinalis
1993 864 2036 897 de

179 918 328 951 Belforti
351 924 385 951 et
407 919 477 950 fuit
499 917 696 950 nominatus
719 917 908 961 Gregorius
930 927 1022 960 papa
1045 926 1099 958 κῃ
1123 923 1159 949 et
1190 927 1255 959 pro
1285 922 1384 959 parte
1407 917 1565 949 comunis
1587 918 1766 950 Bononiae
1796 918 1935 950 iverunt
1965 929 2038 950 am-

180 971 375 1004 baxiatores
397 971 444 1003 ad
466 971 578 1014 ipsum
602 970 780 1003 dominum
802 980 939 1013 papam,
963 970 1123 1003 dominus
1145 970 1347 1003 Richardus
1370 970 1413 1003 de
1430 970 1582 1003 Saliceto
1597 971 1711 1014 legum
1728 971 1861 1011 doctor,
1878 971 2038 1003 dominus

118 1022 156 1055 15
181 1024 339 1067 Guaspar
350 1024 394 1056 de
407 1023 628 1057 Chaldarinis
644 1024 861 1056 decretorum
877 1023 1010 1063 doctor,
1027 1023 1186 1055 dominus
1202 1023 1374 1067 Ugolinus
1389 1023 1433 1055 de
1450 1023 1606 1056 Galuciis
1629 1024 1727 1056 miles
1749 1028 1784 1056 e't
1807 1024 1978 1057 Tuniolus
1994 1024 2038 1057 de

179 1077 402 1122 Bentevoglis
424 1077 536 1120 [pater
558 1076 691 1109 domini
705 1077 851 1120 Joannis
866 1076 910 1109 de
924 1076 1126 1116 Bentivolis,
1144 1076 1204 1120 qui
1219 1076 1289 1109 fuit
1305 1077 1464 1109 dominus
1486 1077 1666 1109 Bononiae
1687 1085 1780 1109 anno
1807 1077 1915 1119 14011.

269 1131 400 1163 Eodem
416 1139 519 1170 anno,
535 1130 594 1162 die
610 1139 692 1171 xn1J
707 1129 799 1173 maji.
817 1148 858 1152 —
877 1129 1059 1168 Quaedam
1074 1139 1200 1173 magna
1217 1139 1421 1174 compagna,
1445 1139 1591 1173 quorum
1615 1129 1819 1172 capitaneus
1833 1136 1908 1163 erat
1924 1140 2039 1163 comes

181 1183 312 1217 Lucius
335 1184 379 1216 de
400 1183 524 1216 Lando
548 1183 778 1222 theutonicus,
802 1188 971 1215 venerunt
993 1193 1097 1225 super
1119 1183 1287 1215 comitatu
1310 1183 1489 1215 Bononiae
1512 1188 1547 1215 et
1569 1189 1668 1215 erant
1691 1183 1737 1215 ad
1760 1184 1964 1226 petitionem
1980 1194 2040 1216 co-

181 1237 295 1269 munis
317 1237 516 1270 Florentiae
538 1242 573 1269 et
597 1236 692 1269 stetit
713 1236 790 1279 ipsa
820 1245 1014 1280 compagna
1042 1236 1160 1268 multis
1192 1235 1316 1268 diebus
1345 1246 1449 1279 super
1479 1236 1649 1268 comitatu
1679 1236 1859 1268 Bononiae
1889 1243 1924 1269 et
1952 1237 2039 1269 fecit

115 1291 158 1322 20
181 1290 330 1323 maxima
353 1291 488 1323 damna.
528 1289 653 1322 Postea
676 1290 814 1322 iverunt
840 1299 904 1332 pro
927 1298 979 1321 xx
1002 1288 1125 1322 diebus
1155 1289 1194 1321 in
1219 1289 1399 1322 servitium
1429 1288 1642 1321 marchionis
1673 1289 1865 1329 Ferrariae‚
1896 1295 1934 1322 ut
1964 1290 2039 1332 i'pse

181 1349 295 1386 posset
318 1344 435 1376 facere
458 1343 602 1376 bastitas
622 1353 701 1375 suas
724 1343 820 1375 circa
843 1348 877 1375 et
900 1348 1023 1375 contra
1039 1342 1223 1375 Sassolum.
1270 1342 1343 1381 Qui
1360 1342 1520 1375 dominus
1536 1342 1704 1381 marchio,
1721 1342 1844 1375 videns
1859 1353 1895 1374 se
1912 1343 2040 1375 habere

181 1402 295 1429 tantas
316 1402 448 1441 gentes,
471 1396 593 1429 habuit
615 1406 721 1428 unum
752 1401 936 1428 tractatum
967 1396 1004 1427 in
1035 1395 1150 1439 Regio
1173 1401 1208 1427 et
1231 1395 1301 1428 fuit
1323 1394 1390 1428 sibi
1414 1395 1497 1427 data
1519 1406 1589 1427 una
1611 1401 1713 1438 porta
1736 1395 1843 1440 Regii
1874 1402 1909 1429 et
1939 1396 2040 1429 multi

183 1450 227 1482 de
249 1450 487 1493 stipendiariis
501 1449 713 1482 marchionis
728 1449 945 1481 intraverunt
960 1448 1123 1492 Regium.
1170 1449 1217 1481 Et
1233 1454 1316 1481 tunc
1333 1448 1494 1480 dominus
1509 1450 1538 1482 F
1539 1448 1685 1481 eltrinus
1708 1449 1752 1481 de
1775 1449 1954 1493 Gompaga,
1979 1449 2040 1492 qui

182 1509 257 1536 erat
279 1503 439 1536 dominus
454 1502 572 1547 Regii,
595 1502 688 1546 fugit
710 1502 748 1534 in
764 1508 914 1534 castrum
930 1502 1040 1544 ipsius
1056 1501 1211 1534 civitatis
1227 1507 1262 1534 et
1279 1501 1375 1534 misit
1391 1502 1500 1534 filium
1523 1512 1621 1534 suum
1645 1502 1692 1534 ad
1715 1502 1893 1534 dominum
1910 1503 2040 1534 Berna-

117 1555 158 1589 25
185 1557 306 1590 bovem
341 1557 385 1589 de
419 1556 704 1590 vicecomitibus.
749 1555 874 1588 Dictus
896 1565 978 1588 vero
1002 1565 1116 1587 comes
1137 1555 1279 1594 Lucius,
1304 1555 1426 1588 videns
1449 1555 1630 1598 praedicta
1652 1555 1873 1598 processisse'
1896 1561 2039 1598 propter

183 1620 278 1642 suam
301 1610 541 1653 praesentiam,
564 1609 710 1642 intravit
731 1609 842 1652 ipsam
865 1608 1043 1641 civitatem
1066 1609 1174 1652 Regii
1197 1619 1276 1641 cum
1301 1609 1397 1641 dicta
1421 1619 1616 1653 compagna
1638 1615 1673 1641 et
1696 1609 1905 1642 robaverunt
1929 1609 2040 1651 ipsam

183 1662 231 1696 et'
254 1663 305 1696 sic
329 1663 484 1696 robatam
508 1662 654 1695 tradidit
676 1662 773 1695 dicto
788 1661 930 1695 domino
945 1662 1154 1702 Bernabovi,
1170 1662 1327 1705 quamvis
1343 1662 1459 1695 dictus
1482 1662 1643 1694 dominus
1657 1662 1835 1695 Bernabos
1850 1662 1963 1705 primo
1979 1663 2040 1695 ha-

185 1716 287 1749 bebat
302 1716 435 1749 dictum
451 1721 613 1748 castrum.
659 1715 704 1748 Et
719 1716 770 1748 sic
785 1715 942 1748 marchio
955 1716 1136 1749 Ferrariae
1152 1715 1316 1748 remansit
1331 1716 1469 1748 delusus
1485 1721 1519 1748 et
1534 1715 1632 1759 pejus
1644 1716 1818 1749 vicinatus
1834 1727 1936 1759 quam
1949 1722 2040 1749 ante.

272 1769 404 1802 Eodem
427 1779 530 1808 anno,
554 1769 599 1801 de
620 1779 737 1801 mense
757 1769 858 1813 junii.
883 1787 927 1794 -
948 1769 1118 1802 Dominus
1132 1769 1285 1813 Jacobus
1308 1769 1352 1802 de
1368 1769 1518 1809 Ursinis,
1535 1779 1643 1812 nepos
1658 1769 1847 1802 cardinalis
1862 1770 2041 1814 Raynaldi

118 1824 162 1856 30
185 1824 229 1856 de
251 1823 400 1862 Ursinis,
425 1824 540 1855 factus
564 1823 634 1855 fuit
657 1818 857 1856 cardinalis.

273 1876 406 1910 Eodem
428 1886 531 1909 anno.
556 1894 598 1899 —
621 1876 712 1908 Dum
743 1876 903 1909 Torellus
935 1876 979 1909 de
1009 1876 1161 1910 Torellis
1190 1882 1226 1910 et
1255 1876 1466 1910 Franciscus
1498 1877 1542 1909 de
1574 1877 1686 1910 Cento
1717 1882 1752 1910 et
1783 1877 1968 1910 Mathaeus
1998 1878 2043 1910 de

186 1930 405 1963 Griffonibus
428 1935 592 1962 canerent
614 1930 716 1962 simul
739 1940 844 1972 super
858 1930 998 1972 porticu
1014 1930 1148 1963 domini
1164 1930 1311 1962 Henrici
1334 1930 1379 1962 de
1401 1930 1563 1970 Torellis,
1587 1931 1684 1963 circa
1707 1931 1896 1963 secundum
1920 1941 2042 1963 sonum

187 1983 364 2027 guardiae,
388 1983 587 2025 supervenit
610 1983 661 2015 ibi
684 1983 808 2016 Petrus
831 1984 991 2016 Torellus
1015 1984 1182 2016 Ghinacii
1206 1984 1250 2016 de
1273 1984 1424 2016 Torellis
1446 1989 1481 2016 et
1503 1984 1675 2026 percussit
1698 1985 1736 2016 in
1760 1985 1854 2017 facie
1882 1983 2042 2029 Aconem

188 2037 232 2069 de
248 2036 399 2069 Torellis
415 2046 493 2068 cum
511 2046 580 2069 uno
595 2036 714 2079 lapide
729 2042 764 2069 et
780 2036 919 2080 aufugit
935 2046 999 2079 per
1014 2037 1083 2071 Val
1100 2037 1144 2069 de
1156 2036 1351 2075 l'Avexam3
1368 2043 1403 2070 et
1418 2043 1502 2070 tunc
1519 2037 1634 2070 dictus
1647 2038 1818 2077 Torellus‚
1832 2039 1942 2070 frater
1953 2038 2042 2070 dicti

122 2089 163 2122 35
187 2089 330 2134 Aconis,
346 2095 482 2122 secutus
500 2090 569 2122 suit
591 2089 724 2122 dictum
746 2089 888 2122 Petrum
911 2096 947 2122 et
970 2100 1040 2122 non
1062 2090 1177 2133 potuit
1197 2090 1342 2134 jungere
1365 2091 1478 2134 ipsum
1501 2096 1537 2123 et
1552 2091 1747 2124 vulneravit
1763 2092 1931 2124 famulum
1955 2091 2043 2124 dicti

187 2143 294 2176 Petri.
340 2143 386 2175 Et
409 2143 494 2175 haec
518 2143 635 2175 omnia
657 2143 811 2183 fuerunt,
835 2143 918 2187 quia
941 2143 1057 2176 dictus
1080 2142 1179 2188 Acco
1203 2144 1347 2177 dederat
1370 2154 1475 2177 unam
1498 2144 1635 2187 alapam
1651 2144 1817 2184 TunioIo,
1834 2145 1937 2178 fratri
1954 2145 2043 2178 dicti

133 2230 139 2234 ,
188 2196 285 2229 Petri
308 2196 453 2229 Torelli.

277 2248 568 2283 M.CCCLXXII.
594 2267 635 2273 —
657 2250 827 2284 Dominus
857 2250 981 2284 Petrus
1011 2251 1056 2284 de
1086 2251 1336 2296 Squarcalupis
1359 2252 1403 2285 de
1425 2252 1604 2286 Florentia
1630 2252 1700 2286 fuit
1722 2253 1952 2295 vicepotestas
1975 2252 2044 2286 Bo-

189 2303 326 2336 noniae.
371 2303 541 2335 Dominus
555 2303 729 2337 Berardus
751 2304 796 2337 de
818 2304 989 2338 Melatino
1005 2305 1050 2338 de
1065 2304 1216 2338 Abrutio
1231 2306 1301 2338 fuit
1316 2311 1467 2349 potestas
1481 2306 1661 2340 Bononiae
1684 2312 1720 2340 et
1736 2306 1896 2340 dominus
1911 2306 2043 2350 Ugutio

125 2357 167 2389 40
190 2356 235 2389 de
256 2356 565 2389 Bondelmontibus
588 2357 632 2389 de
653 2358 832 2391 Florentia
854 2359 924 2391 fuit
946 2364 1097 2402 potestas
1118 2359 1308 2392 Bononiae.

280 2409 412 2442 Eodem
435 2419 537 2449 anno,
561 2410 599 2442 in
622 2411 681 2444 die
703 2412 816 2444 sancti
838 2411 1022 2453 Anthonii‚
1038 2412 1082 2446 de
1097 2422 1213 2446 mense
1227 2413 1386 2457 januarii.
1405 2432 1447 2437 —
1462 2414 1788 2448 Reverendissimus
1802 2419 1902 2457 pater
1924 2419 1959 2447 et
1983 2415 2046 2448 do-

190 2463 314 2502 minus,
331 2463 490 2496 dominus
512 2464 634 2497 Petrus
656 2466 846 2499 cardinalis
871 2467 1109 2507 Bituricensis,
1133 2467 1193 2511 qui
1217 2467 1400 2501 dicebatur
1422 2468 1466 2501 de
1488 2468 1630 2513 Burges,
1647 2468 1743 2501 venit
1765 2468 1958 2501 Bononiam
1981 2479 2045 2511 pro

191 2517 305 2561 legato
328 2522 364 2550 et
386 2517 518 2550 vicario
541 2517 579 2550 in
602 2518 762 2552 Bononia
783 2526 819 2552 et
842 2521 985 2554 fuerunt
1009 2522 1105 2554 facta
1127 2531 1253 2566 magna
1275 2522 1463 2555 hastiludia
1486 2527 1521 2554 et
1543 2523 1633 2554 festa
1655 2522 1693 2554 in
1715 2522 1885 2554 Bononia.

280 2570 411 2603 Eodem
434 2581 537 2610 anno,
561 2572 619 2604 die
649 2582 743 2614 xvuJ
774 2574 980 2607 novembris.
1013 2593 1054 2598 —
1085 2575 1254 2608 Dominus
1283 2575 1488 2608 Ambrosius
1510 2576 1725 2614 vicecomes,
1749 2575 1840 2607 filius
1864 2575 2045 2609 bastardus

127 2623 168 2656 45
192 2624 326 2657 domini
347 2624 564 2658 Bernabovis
585 2625 630 2658 de
652 2621 865 2667 Mediolano,
881 2638 961 2661 cum
983 2639 1110 2673 magna
1133 2629 1299 2662 comitiva
1321 2629 1477 2674 gentium
1500 2639 1673 2661 armorum
1696 2629 1804 2668 venit,
1828 2629 1922 2672 quod
1945 2640 2046 2662 nemo

191 2678 309 2718 sensit,
325 2688 428 2722 super
443 2679 611 2712 comitatu
625 2679 815 2721 Bononiae,
831 2682 987 2715 ardendo
1002 2688 1037 2715 et
1054 2682 1237 2726 capiendo,
1253 2693 1361 2727 usque
1376 2683 1423 2716 ad
1438 2688 1556 2727 portas
1572 2682 1727 2716 civitatis
1742 2687 1778 2715 et
1793 2682 1881 2715 fecit
1895 2683 2045 2716 maxima

192 2732 333 2771 damna;
357 2732 419 2765 sed
440 2732 567 2772 statim,
591 2733 650 2766 die
672 2735 839 2778 sequenti,
863 2735 1018 2769 recessit.

282 2835 300 2861 9
318 2829 429 2854 Notizx’a
448 2830 583 2861 aggiunta
596 2828 646 2861 piis
665 2830 742 2855 tardi
760 2845 792 2849 —
814 2830 846 2856 16
865 2832 1007 2864 putem...
1029 2833 1109 2866 1401]
1128 2834 1265 2867 aggiunta
1283 2833 1387 2859 d'altra
1406 2840 1483 2858 mano
1497 2846 1530 2851 --
1545 2837 1626 2865 31-37
1645 2832 1688 2858 La
1701 2832 1795 2864 prima
1809 2835 1892 2865 parte
1910 2832 1941 2856 di
1957 2835 2047 2865 questa

196 2873 295 2898 καὶαίτία
314 2869 328 2896 ἑ
345 2872 439 2898 scritta
456 2873 502 2897 nel
517 2873 572 2898 cod.
590 2881 619 2897 su
638 2876 745 2905 quattro
763 2875 829 2899 linee
847 2875 982 2902 raschiate
1000 2876 1071 2901 dalle
1088 2878 1164 2909 quali
1180 2878 1286 2910 leggesi
1302 2877 1411 2910 qualche
1418 2878 1535 2908 parola:
1554 2876 1702 2902 Mathaeus
1719 2876 1754 2901 de
1774 2875 1949 2901 Griffonibus
1968 2876 2047 2901 duxit

196 2923 275 2941 suam
293 2916 414 2948 primam
433 2923 548 2942 uxorem
567 2917 794 2943 Francischinam
812 2919 934 2944 condam
953 2919 1146 2945 Iohannis....

2142 1570 2191 1589 σιμ,
2210 1563 2242 1584 182
