2196 3424
108 194 199 233 [ΔΑ.
217 197 394 230 13344335]
700 191 1021 228 MEMORIALE
1048 191 1372 227 HISTORICUM
1901 190 1948 227 45

107 336 162 358 ser
183 324 358 369 johannes
381 324 425 357 de
447 324 589 358 Batutis.
614 349 788 358 ......
1023 337 1078 360 ser
1099 327 1280 360 Mathaeus
1303 326 1347 360 de
1369 325 1623 359 Tencharariis.
1647 349 1656 358 .
1681 349 1690 358 .

108 378 293 412 Colacinus
316 378 360 410 de
382 378 575 412 Becadellis
577 402 787 411 .......
1022 381 1228 414 Franciscus
1255 381 1298 413 de
1320 380 1547 424 Mepovilanis
1549 403 1691 413 .....

107 432 277 477 Ugolinus
300 432 343 465 de
367 432 528 471 Querciis
545 456 786 466 ........
828 428 969 462 Proculi
1020 433 1154 477 Lippus
1175 435 1220 467 de
1241 433 1378 476 Pepolis
1386 456 1692 467 ..........
1737 427 1951 461 Ravennatis

106 485 325 518 Bechadinus
348 486 391 518 de
414 485 620 518 Becadellis.
645 509 653 518 .
678 510 686 518 .
711 510 720 518 .
736 509 753 518 ,.
778 509 786 518 .
1022 488 1167 520 Gotolus
1191 488 1234 520 de
1258 487 1423 520 Sardellis
1450 510 1690 519 ........

58 536 76 569 5
107 538 248 571 Nannes
271 538 315 571 de
338 538 541 571 Clarissimis
542 562 784 573 ........
1022 539 1180 573 Calorius
1196 541 1239 574 de
1263 540 1450 584 Gocadinis
1451 562 1690 573 ........

195 591 328 624 Eodem
343 596 497 634 tempore
520 593 607 625 facti
630 594 770 626 fuerunt
793 594 906 627 noctis
930 600 1083 636 tempore
1107 603 1185 635 me
1201 593 1374 626 confinati.
1421 594 1468 626 Et
1484 593 1674 635 supradicti
1689 591 1819 624 antiani
1834 590 1950 634 provi-

107 645 242 683 derunt,
266 645 360 687 quod
384 646 524 679 daretur
544 656 632 679 unus
656 647 761 680 sotius
783 658 847 689 pro
872 647 1057 690 quarterio,
1081 647 1140 690 qui
1164 647 1303 679 sotiaret
1328 646 1502 679 dominum
1525 650 1727 688 potestatem
1751 645 1787 677 in
1811 644 1951 686 palatio,

106 703 144 730 ut
159 703 274 740 posset
289 698 409 731 melius
425 700 542 732 facere
557 700 714 739 offitium3
738 701 911 739 videlicet,
928 701 1087 734 dominus
1101 701 1220 744 Lanca
1236 700 1457 739 Garisendus,
1482 699 1639 732 dominus
1653 698 1799 731 Bornius
1823 698 1866 730 de
1890 696 1953 729 Sa-

107 750 294 790 maritmis,
319 762 373 784 ser
394 752 569 795 Johannes
593 754 636 786 de
659 754 802 793 Batutis‚
827 754 971 787 Gotolus
995 755 1039 787 de
1063 754 1239 787 Sardellis.

0 796 1 799 ¹
45 804 84 836 10
195 804 327 837 Eodem
343 814 445 845 anno,
463 806 519 839 die
534 806 700 840 secundo'
716 807 811 851 junii.
828 826 869 830 —-
885 809 994 840 Facta
1017 807 1083 840 fuit
1098 807 1221 840 electio
1238 812 1409 840 certorum
1426 807 1562 846 civium,
1580 805 1638 850 qui
1655 805 1819 839 deberent
1834 805 1950 837 facere

107 857 306 890 confinatos.
354 858 400 891 Et
424 864 507 892 tunc
531 865 604 892 tota
627 860 758 898 civitas,
782 860 944 893 videlicet
968 871 1047 903 pars
1071 860 1267 893 scachensis
1289 865 1324 892 et
1346 870 1426 902 pars
1449 860 1681 898 maltraversa,
1705 863 1883 891 traxerunt
1905 856 1951 888 ad

106 921 201 942 arma
224 916 258 942 et
281 911 331 943 illi
355 912 398 943 de
421 917 520 954 parte
542 913 720 945 scachensi
745 913 966 946 obtinuerunt
989 914 1149 956 plateam.
1188 914 1234 945 Et
1250 913 1316 944 fuit
1338 922 1499 956 magnum
1522 912 1690 954 proelium
1713 922 1815 953 super
1837 910 1952 952 platea

105 963 218 995 sancti
241 962 418 1005 Stephani,
441 964 478 996 in
501 975 569 1008 quo
592 966 723 1007 proelio
746 966 921 1009 Johannes
937 966 1068 998 domini
1090 966 1223 998 Tadaei
1247 966 1290 998 de
1313 965 1452 1007 Pepolis
1474 965 1575 997 valde
1598 964 1741 997 viriliter
1763 974 1799 996 se
1821 962 1949 995 habuit.

106 1015 153 1047 Et
175 1021 258 1048 tunc
282 1016 332 1048 illi
356 1017 399 1049 de
424 1017 605 1050 Sabadinis
628 1019 763 1051 iverunt
779 1012 831 1051 'ad
854 1024 989 1061 portam
1012 1023 1140 1052 stratae
1163 1018 1274 1051 sancti
1296 1018 1422 1050 Vitalis
1443 1023 1478 1050 et
1501 1018 1679 1061 fregerunt
1703 1016 1885 1059 portellum
1915 1020 1950 1047 et

46 1066 84 1100 15
107 1069 289 1102 voluerunt
305 1070 425 1102 ardere
442 1071 561 1103 domos
576 1071 710 1104 illorum
735 1072 778 1104 de
802 1071 936 1104 Sclavis
958 1077 993 1104 et
1015 1073 1155 1104 fuerunt
1177 1071 1280 1104 valde
1301 1071 1402 1113 probi
1425 1071 1579 1103 homines
1600 1070 1660 1103 illa
1683 1070 1749 1103 die.
1795 1070 1841 1102 Et
1865 1068 1951 1101 dici-

106 1126 162 1153 tur
188 1122 282 1164 quod
312 1122 340 1154 si
369 1123 427 1155 alii
459 1123 502 1155 de
532 1129 630 1165 parte
660 1124 882 1157 maltraversa
911 1125 1057 1157 fuissent
1086 1125 1138 1156 illi
1168 1123 1280 1166 probi,
1312 1124 1405 1166 quod
1435 1123 1503 1166 ipsi
1534 1123 1769 1156 obtinuissent.
1815 1122 1949 1154 Tamen

81 1166 83 1169 ’
106 1173 318 1207 Scachenses
333 1186 467 1218 semper
481 1181 664 1221 tenuerunt
678 1177 827 1219 plateam
857 1182 892 1209 et
914 1177 1060 1210 finaliter
1082 1183 1166 1210 tunc
1189 1187 1306 1209 omnes
1330 1177 1373 1208 de
1397 1175 1590 1214 Sabadinis,
1615 1176 1658 1208 de
1679 1174 1882 1212 Becadellis,
1907 1174 1950 1206 de

105 1227 283 1267 Boateriis‚
301 1228 344 1260 de
366 1229 527 1272 Triaghis
542 1235 576 1261 et
593 1230 636 1261 de
659 1230 734 1270 aliis
758 1229 914 1262 domibus
936 1240 1053 1262 eorum
1077 1229 1279 1273 sequacibus
1295 1230 1434 1261 fuerunt
1450 1229 1623 1267 confinati‚
1640 1229 1802 1261 videlicet
1824 1239 1845 1260 a
1867 1237 1951 1268 me

104 1281 203 1312 annis
226 1291 330 1323 supra
352 1287 387 1314 et
409 1293 430 1314 a
453 1281 546 1314 'Lxx
568 1282 667 1315 annis
690 1283 792 1315 infra.
840 1282 950 1327 Quod>
969 1283 1036 1315 fuit
1060 1288 1254 1325 reputatum
1280 1282 1476 1327 maximum
1494 1282 1630 1314 malum.
1669 1282 1715 1313 Et
1737 1282 1774 1313 in
1796 1282 1871 1323 ipso
1894 1291 1950 1312 ru-

0 1362 2 1365 .
39 1333 82 1365 20
105 1329 199 1365 more
221 1332 359 1366 Andalo
384 1335 428 1367 de
451 1334 668 1368 Griffonibus
690 1335 758 1368 fuit
780 1335 906 1368 acriter
920 1337 1118 1368 vulneratus
1140 1341 1175 1368 et
1197 1340 1398 1377 apportatus
1413 1335 1481 1367 fuit
1503 1335 1549 1367 ad
1573 1335 1710 1366 domum
1734 1344 1827 1366 suam
1850 1343 1952 1375 super

104 1394 173 1418 uno
195 1386 344 1428 pavesio‚
368 1397 411 1419 ex
434 1387 556 1430 quibus
577 1388 775 1421 vulneribus
798 1388 910 1421 dictus
931 1387 1070 1421 Andalb
1094 1393 1246 1421 mortuus
1269 1388 1347 1420 fuit.
1393 1388 1445 1419 De
1468 1387 1566 1430 cujus
1588 1392 1697 1419 morte
1719 1395 1836 1419 omnes
1859 1386 1951 1419 cives

104 1438 281 1471 Bononiae
311 1444 346 1471 et
375 1440 521 1472 maxime
552 1441 596 1473 de
626 1447 725 1483 parte
755 1441 934 1474 scachensi
963 1441 1066 1473 valde
1098 1441 1291 1479 doluerunt,
1324 1441 1404 1484 quia
1435 1440 1547 1473 dictus
1576 1438 1715 1472 Andalo
1745 1445 1819 1472 erat
1849 1439 1951 1471 homo

104 1491 206 1523 valde
228 1491 364 1534 sapiens
386 1498 420 1524 et
442 1493 545 1525 valde
567 1493 696 1535 probus
718 1498 753 1526 et
775 1494 893 1526 valens
908 1494 944 1525 in
961 1494 1064 1527 factis
1079 1503 1269 1532 armorum3
1285 1499 1320 1526 et
1336 1493 1487 1535 sepultus
1503 1493 1569 1525 fuit
1585 1493 1687 1525 valde
1702 1492 1890 1525 honorifice
1905 1491 1951 1523 ad

106 1542 271 1577 Sanctum
293 1545 516 1578 Franciscum
540 1546 687 1579 fratrum
706 1546 892 1580 Minorum.

39 1594 81 1628 25
193 1597 486 1631 M.CCCXXXV.
510 1617 552 1622 —-
574 1599 741 1636 Dominus
764 1600 971 1633 Franciscus
995 1601 1038 1633 de
1061 1600 1095 1632 la
1118 1600 1208 1633 Seva
1231 1605 1265 1632 et
1289 1600 1447 1632 dominus
1469 1599 1642 1642 johannes
1665 1599 1708 1631 de
1730 1598 1947 1631 Marontibus

106 1650 247 1682 fuerunt
269 1656 455 1692 potestates
476 1652 662 1684 Bononiae.
708 1653 875 1685 Dominus
892 1654 1067 1696 Johannes
1091 1654 1134 1686 de
1156 1653 1191 1685 la
1213 1653 1307 1685 Tosa
1331 1653 1374 1685 de
1398 1652 1573 1684 Florentia
1597 1651 1797 1694 capitaneus
1818 1652 1949 1694 populi.

193 1703 326 1735 Eodem
341 1714 443 1736 anno.
461 1723 502 1729 —
519 1705 648 1737 Factus
663 1705 730 1738 fuit
746 1706 951 1748 praeconsul
967 1707 1143 1739 societatis
1161 1706 1383 1738 Notariorum
1399 1715 1453 1737 ser
1468 1705 1593 1737 Paulus
1611 1705 1654 1736 de
1669 1703 1836 1737 Albirolis
1852 1710 1950 1736 nota-

104 1754 191 1793 rius;
214 1761 249 1788 et
271 1756 388 1789 factus
409 1757 477 1789 fuit
500 1756 684 1790 barixellus
708 1769 762 1791 ser
784 1758 936 1791 Thomas
960 1759 1004 1791 de
1026 1758 1227 1803 Manpolino
1250 1758 1417 1791 becarius.

0 1842 2 1845 ,
193 1808 326 1841 Eodem
349 1818 451 1848 anno,
477 1810 520 1843 de
542 1819 658 1843 mense
679 1810 838 1854 januarii.
862 1828 904 1834 —-
936 1811 1110 1844 Confinati
1132 1812 1273 1844 fuerunt
1301 1820 1394 1852 XL11J
1425 1811 1519 1843 cives
1544 1810 1788 1849 Bononienses,
1813 1815 1882 1842 tam
1907 1810 1950 1842 de

0 1859 4 1890 ἓ
38 1859 82 1891 30
105 1860 207 1893 domo
232 1861 454 1894 Galuciorum
476 1872 579 1905 quam
603 1863 647 1896 de
669 1863 746 1896 aliis
770 1863 938 1903 domibus,
962 1875 1004 1897 ac
1029 1865 1131 1896 etiam
1155 1865 1348 1906 populares.

0 1901 4 1953 ξ
191 1913 323 1946 Eodem
345 1923 446 1947 anno.
464 1934 505 1939 —-
529 1916 610 1948 Fuit
631 1917 779 1948 maxima
802 1917 982 1950 inundatio
1005 1927 1171 1960 aquarum
1194 1922 1228 1949 et
1244 1922 1385 1959 propter
1401 1917 1497 1949 nives
1513 1917 1622 1949 crevit
1638 1917 1773 1949 fortiter
1787 1917 1948 1949 Rhenum

0 1956 9 2013 ξ’
105 1970 139 1997 et
161 1975 252 2008 aqua
274 1967 367 1999 venit
389 1977 497 2010 usque
512 1969 559 2001 ad
582 1968 748 2002 Sanctum
771 1969 945 2008 Bernabe;
969 1976 1004 2003 et
1027 1975 1110 2003 tunc
1127 1975 1269 2002 necatus
1285 1970 1351 2001 fuit
1367 1980 1420 2001 ser
1440 1970 1645 2002 Laurentius
1668 1970 1711 2002 de
1735 1969 1948 2003 Christianis.

0 2017 2 2020 ’
193 2018 325 2051 Eodem
347 2029 449 2058 anno,
474 2021 517 2053 de
540 2031 655 2053 mense
677 2022 835 2066 januarii.
860 2040 901 2046 —
925 2022 1148 2055 Marchiones
1171 2022 1358 2060 Ferrariae,
1383 2022 1546 2054 videlicet
1568 2022 1783 2065 Raynaldus,
1808 2022 1945 2065 Oppieo

105 2075 139 2102 et
162 2071 327 2104 Nicolaus
351 2072 520 2105 duxerunt
542 2083 692 2113 uxorem,
723 2075 896 2114 videlicet,
927 2075 1093 2108 Nicolaus
1119 2075 1272 2107 marchio
1303 2084 1406 2106 unam
1439 2075 1611 2107 dominam
1643 2075 1687 2107 de
1717 2075 1882 2119 Gonpaga
1906 2075 1950 2107 de

0 2132 5 2173 g
39 2121 81 2155 35
106 2123 264 2161 Mantum
289 2130 323 2157 et
339 2125 471 2157 factum
488 2126 554 2158 fuit
576 2136 736 2170 magnum
760 2128 896 2160 festum.
943 2129 990 2161 Et
1012 2133 1096 2161 tunc
1119 2133 1277 2172 regentes
1300 2128 1476 2160 Bononiae
1500 2128 1716 2160 donaverunt
1732 2128 1782 2160 eis
1797 2137 1852 2170 X1J
1873 2128 1950 2170 pul-

0 2179 1 2182 ’
105 2186 182 2208 cras
203 2182 315 2209 vestes
337 2182 371 2209 et
395 2188 472 2210 cum
495 2188 621 2222 magno
644 2180 772 2223 gaudio
795 2181 931 2213 iverunt
953 2181 999 2213 ad
1022 2181 1170 2223 nuptias.

193 2230 326 2262 Eodem
342 2240 432 2262 anno
449 2236 484 2263 et
500 2241 624 2264 mense.
643 2251 684 2255 —
700 2233 873 2266 Confinati
895 2239 930 2266 et
952 2234 1128 2267 extrinsici
1152 2234 1195 2266 de
1218 2234 1374 2266 Bononia
1399 2245 1476 2266 cum
1493 2237 1574 2266 V111e
1596 2234 1776 2277 equitibus,
1793 2234 1850 2277 qui
1874 2235 1949 2266 fue-

104 2287 181 2314 rant
205 2282 248 2314 de
270 2283 502 2325 stipendiariis
525 2284 655 2317 domini
677 2285 783 2330 legati
813 2286 956 2329 expulsi,
980 2292 1015 2319 et
1039 2298 1116 2320 cum
1139 2287 1255 2319 multis
1276 2286 1451 2329 peditibus
1469 2287 1708 2329 equitaverunt
1730 2288 1776 2320 ad
1800 2293 1948 2320 castrum

106 2334 226 2367 Sancti
249 2334 416 2378 Johannis
438 2336 474 2368 in
496 2336 684 2377 Persiceto,
707 2337 767 2370 ubi
789 2338 963 2372 habebant
986 2345 1173 2372 tractatum
1195 2339 1303 2377 intus;
1327 2345 1362 2372 et
1385 2340 1516 2372 dictum
1539 2339 1615 2378 fuit,
1633 2340 1725 2382 quod
1751 2345 1949 2372 erraverunt

0 2378 5 2433 ζ
39 2387 81 2419 40
104 2387 194 2419 viam
216 2393 251 2420 et
273 2388 353 2420 ideo
375 2398 445 2421 non
468 2395 651 2431 potuerunt
674 2390 722 2423 ibi
745 2401 819 2423 esse
841 2392 927 2424 hora
949 2392 999 2424 eis
1022 2392 1192 2425 ordinata.
1238 2393 1285 2425 Et
1301 2403 1379 2425 cum
1403 2393 1543 2425 fuerunt
1559 2402 1666 2435 prope
1683 2398 1831 2425 castrum
1847 2403 1947 2435 prae-

105 2440 247 2479 dictum,
271 2440 424 2483 equitare
447 2442 605 2475 fecerunt
628 2444 674 2475 ad
690 2444 820 2476 dictum
837 2450 986 2477 castrum
1002 2453 1105 2477 unam
1122 2445 1323 2478 banderiam
1339 2446 1491 2488 equitum
1506 2451 1540 2478 et
1556 2446 1771 2478 intraverunt
1787 2451 1947 2479 castrum.

0 2469 5 2540 ἓ
105 2493 152 2525 Et
174 2498 258 2526 tunc
280 2493 330 2526 ini
355 2494 398 2526 de
421 2494 516 2527 dicto
540 2501 663 2535 castro,
687 2497 746 2539 qui
768 2497 817 2530 ibi
848 2498 1024 2542 regebant,
1057 2499 1215 2531 fecerunt
1246 2508 1441 2542 aggressum
1465 2499 1501 2531 in
1524 2499 1610 2531 alios
1617 2511 1626 2536 ;
1650 2505 1684 2531 et
1707 2504 1853 2542 quatuor
1875 2500 1947 2532 fra-

0 2542 6 2567 k·
104 2550 182 2584 tres,
206 2546 265 2588 qui
288 2546 501 2579 vocabantur
522 2548 659 2587 Butrisi‚
675 2554 710 2582 et
726 2555 794 2582 tres
816 2550 902 2583 alios
925 2550 1172 2583 interfecerunt
1188 2557 1222 2583 et
1238 2552 1335 2583 multi
1352 2552 1551 2593 depraedati
1568 2552 1722 2589 fuerunt3
1740 2558 1775 2584 et
1790 2553 1948 2584 fecerunt

105 2608 151 2630 cx
175 2599 376 2631 confinatos.
423 2600 468 2632 Et
491 2602 637 2642 populus
667 2602 843 2635 Bononiae
873 2603 964 2636 misit
986 2604 1033 2635 ibi
1064 2604 1272 2646 quarterium
1296 2610 1416 2646 portae
1448 2604 1553 2642 Steri;
1582 2610 1616 2637 et
1640 2616 1717 2637 cum
1745 2605 1947 2648 equitarent,

39 2649 79 2682 45
105 2651 296 2684 Guiducius
319 2652 362 2684 de
384 2653 610 2686 Montebellio
633 2659 668 2686 et
689 2664 777 2687 unus
800 2656 844 2688 de
868 2656 970 2689 domo
994 2657 1037 2689 de
1061 2656 1142 2689 Sala
1165 2657 1265 2701 burgi
1288 2657 1399 2689 sancti
1423 2657 1549 2689 Felicis
1571 2662 1606 2689 et
1629 2657 1698 2689 duo
1721 2658 1779 2690 alii
1802 2667 1947 2690 necave-

103 2709 183 2736 runt
206 2703 255 2736 in'
271 2704 373 2737 Reno
397 2716 475 2738 cum
498 2706 595 2749 equis
617 2711 652 2739 et
673 2708 790 2740 armis:
815 2719 884 2752 qua
907 2710 951 2742 de
974 2720 1088 2748 causa,
1111 2715 1185 2742 tota
1215 2720 1299 2754 gens
1321 2720 1458 2742 reversa
1480 2715 1542 2750 est,
1566 2710 1646 2752 quia
1669 2719 1738 2742 non
1761 2716 1946 2752 potuerunt

104 2757 248 2789 transire
270 2758 443 2797 Rhenum,
459 2764 494 2791 et
509 2759 645 2792 iverunt
666 2759 837 2793 Mutinam
859 2767 894 2794 et
915 2762 998 2794 inde
1021 2763 1067 2795 ad
1090 2763 1263 2795 abbatiam
1282 2762 1493 2795 Columbarii
1508 2763 1544 2794 in
1561 2763 1732 2795 territorio
1748 2763 1946 2806 placentino

103 2814 138 2841 et
160 2815 326 2852 ceperunt
347 2820 423 2843 eam
445 2816 480 2844 et
501 2811 551 2845 ibi
573 2813 733 2845 fecerunt
755 2823 850 2846 suam
873 2815 1094 2848 residentiam
1117 2821 1152 2848 et
1174 2816 1366 2848 reductum.

193 2937 225 2963 31
246 2932 406 2966 populares]
419 2941 498 2967 segue
510 2942 544 2959 un
558 2934 642 2967 largo
659 2935 750 2966 spazz'o
768 2934 864 2960 bu'anco

2054 819 2099 837 inst.¹
2118 812 2155 833 153

2021 1607 2110 1628 aaut

2048 2727 2098 2746 un„
2115 2722 2151 2741 154
