2196 3424
40 1108 115 1131 Mun..
133 1107 169 1128 1⁵2

19 2429 22 2434 “
67 2433 158 2453 ‘2717ae

259 179 306 214 44
794 178 1074 215 ΜΑΤΤΗΑΕΙ
1102 179 1171 214 DE
1201 180 1550 217 GRIFFONIBUS
1937 188 1987 223 [A.
2008 189 2097 225 1:334]

251 316 303 343 rat
326 310 396 342 fieri
419 310 514 353 juxta
536 315 669 352 portam
694 309 874 348 Galleriae,
898 316 932 343 et
955 320 1033 342 cum
1056 320 1097 342 eo
1121 310 1246 342 reclusi
1269 316 1366 343 erant
1390 320 1506 343 omnes
1530 311 1754 354 stipendiarii.
1800 314 1951 356 Populus
1981 322 2094 348 autem

250 363 393 395 accessit
416 363 460 395 ad
484 363 613 395 dictum
639 367 805 400 castrum3
829 368 863 395 et
886 373 964 395 cum
989 362 1199 395 salvamento
1223 363 1354 395 domini
1378 363 1482 407 legati
1505 369 1539 396 et
1570 365 1722 397 omnium
1746 376 1882 399 suorum
1913 368 1949 400 in
1980 373 2093 401 castro

248 413 474 451 existentium,
490 418 567 455 post
582 423 685 445 unam
710 413 812 452 diem,
834 414 1006 446 dederunt
1029 419 1176 446 castrum
1200 414 1329 455 populo
1347 413 1565 451 bononiensi;
1582 421 1617 447 et
1632 416 1763 458 equites
1779 417 1910 450 domini
1934 418 2036 462 legati
2059 424 2094 451 et

246 467 379 509 pedites
395 470 560 498 venerunt
576 466 622 498 ad
637 466 748 507 ipsum
766 466 809 498 de
825 467 987 505 exercitu,
1004 466 1062 499 ubi
1078 471 1185 504 erant,
1203 472 1238 498 et
1253 466 1378 499 multos
1402 467 1444 499 de
1461 468 1624 500 comitatu
1639 468 1816 502 Bononiae
1831 470 2092 510 interfecerunt,

250 520 332 563 quia
348 518 508 551 volebant
524 528 582 551 eos
598 518 774 551 derobare.
799 519 922 551 Postea
937 529 1019 551 vero
1036 519 1149 551 dictus
1166 519 1323 551 dominus
1339 519 1479 563 legatus,
1492 525 1639 552 tractatu
1655 520 1941 562 Florentinorum,
1954 525 2093 556 recessit
2138 524 2156 557 5

248 573 292 604 de
315 572 408 604 dicto
431 576 543 603 castro
567 581 644 603 cum
667 577 769 615 gente
786 582 846 604 sua
861 578 895 604 et
911 572 973 604 ivit
989 572 1199 604 Florentiam
1222 577 1256 603 et
1278 572 1469 604 Florentini
1484 572 1595 615 ipsum
1611 574 1850 607 conduxerunt
1872 576 2091 610 Florentiam.

248 625 294 657 Et
315 631 433 666 postea
456 625 600 657 accessit
622 625 668 656 ad
683 630 819 666 portum
835 624 989 656 Pisarum
1006 630 1039 656 et
1055 634 1117 666 per
1132 634 1225 656 mare
1241 625 1303 657 ivit
1318 625 1354 656 in
1370 625 1581 658 Provintiam
1598 631 1632 658 et
1648 626 1683 658 in
1698 625 1915 661 Avinionem.
1961 629 2006 661 Et
2020 640 2092 662 ma-

245 688 314 722 gna
337 688 450 715 causa,
474 682 615 719 propter
639 688 741 720 quam
757 677 919 719 expulsus
942 677 1019 716 fuit,
1043 677 1111 709 fuit
1134 677 1215 720 quia
1238 677 1377 720 quidam
1402 688 1482 710 suus
1497 678 1646 711 vicarius
1664 679 1802 712 volebat
1824 680 1976 714 totaliter
1998 683 2092 725 quod

247 731 404 763 dominus
425 730 664 762 Brandelixius
688 730 731 762 de
755 730 941 762 Gozadinis
963 729 1133 772 equitaret
1156 730 1202 762 ad
1225 730 1412 762 exercitum
1430 736 1552 763 contra
1575 743 1670 764 suam
1694 732 1925 771 voluntatem;
1947 739 2090 776 propter

246 784 339 826 quod
357 783 512 815 dominus
527 783 767 815 Brandelixius
788 783 936 815 extraxit
959 788 1092 825 spatam
1108 788 1143 815 et
1158 783 1219 815 ivit
1235 793 1337 825 super
1352 784 1591 827 arengheriam
1606 785 1726 827 palatii
1741 791 1775 818 et
1792 786 1956 819 cridavit:
1975 805 2016 810 —
2028 787 2089 820 Vi-
2116 788 2156 820 10

245 847 287 869 va
304 836 326 868 ’1
341 835 509 879 puovoloi
523 855 563 858 —
578 835 622 868 Et
634 841 717 868 tunc
730 836 877 878 populus
893 836 996 868 traxit
1012 841 1046 868 et
1062 836 1260 878 supervenit
1276 836 1493 869 Bertolucius
1508 837 1752 871 Becharoellus
1765 839 1808 871 de
1822 839 2007 872 Gozadinis
2022 841 2090 873 cri-

245 888 360 920 dando
377 898 455 920 cum
471 897 539 919 una
562 886 728 919 banderia
750 892 784 919 et
808 897 886 919 cum
910 887 1013 919 certis
1036 886 1183 926 famulis,
1208 887 1267 929 qui
1290 887 1358 919 fuit
1380 896 1505 931 magna
1529 898 1633 921 causa
1648 889 1856 931 expulsionis
1873 890 1958 922 dicti
1973 890 2088 934 legati.

331 940 463 978 Postea,
477 940 531 972 die
547 949 643 981 xan
659 940 744 972 dicti
759 939 894 978 mensis,
908 939 1060 972 elevatus
1075 940 1142 972 fuit
1157 949 1274 972 rumor
1289 939 1324 972 in
1336 940 1465 982 populo
1481 946 1515 973 et
1531 941 1721 974 cridatum:
1737 960 1778 965 —
1790 942 1892 975 Mora
1908 943 1920 975 i
1936 944 2031 976 conti
2045 943 2091 976 da

243 991 400 1035 Panegol
414 1010 455 1014 —
468 991 508 1023 In
524 1001 592 1034 quo
608 1001 743 1023 rumore
758 996 912 1023 mortuus
924 990 990 1022 fuit
1003 990 1187 1023 Guidestus
1199 991 1242 1022 de
1254 990 1422 1023 Boateriis
1437 996 1471 1023 et
1484 991 1725 1035 Guicardinus,
1738 992 1826 1025 filius
1841 993 2030 1026 Zachariae
2045 994 2089 1026 de

243 1044 413 1088 Triaghis.
438 1044 483 1076 Et
495 1045 635 1076 fuerunt
647 1044 781 1076 banniti
796 1043 956 1087 Mucolus
971 1049 1005 1075 et
1022 1043 1187 1076 Nicolaus
1203 1044 1329 1076 fratres
1342 1044 1385 1076 de
1397 1044 1559 1088 Triaghis
1574 1050 1608 1077 et
1621 1045 1762 1078 comites
1778 1046 1822 1078 de
1837 1045 1986 1079 Panico.'
2010 1046 2087 1079 Hoc
2115 1046 2153 1080 15

244 1098 350 1136 facto,
367 1098 461 1130 venit
475 1097 666 1130 Bononiam
682 1097 865 1139 episcopus
880 1095 1112 1128 Florentinus'
1129 1107 1207 1129 cum
1223 1107 1283 1129 sex
1298 1097 1472 1130 banderiis
1487 1098 1639 1140 equitum
1655 1104 1690 1131 et
1705 1099 1772 1130 fuit
1787 1099 1853 1131 sibi
1869 1099 1951 1131 data
1966 1099 2002 1131 in
2017 1110 2089 1132 ma-
2134 1094 2150 1143 A*

243 1151 343 1184 nibus
357 1151 502 1195 guardia
519 1150 622 1183 castri
639 1150 768 1183 domini
786 1150 899 1194 legati.
939 1150 985 1182 Et
1001 1155 1084 1182 tunc
1109 1150 1271 1182 tractavit
1295 1151 1389 1193 quod
1406 1150 1564 1183 dominus
1579 1151 1711 1195 legatus
1735 1152 1921 1184 dimitteret
1937 1157 2086 1185 castrum

242 1204 380 1237 comuni
394 1204 570 1236 Bononiae
586 1208 620 1236 et
635 1203 813 1236 recederet
830 1203 873 1235 de
888 1202 1054 1235 Bononia.
1102 1203 1174 1242 Qui
1197 1203 1340 1247 legatus,
1358 1204 1414 1236 die
1430 1213 1551 1245 xxan
1568 1205 1654 1236 dicti
1676 1205 1812 1244 mensis,
1829 1205 1970 1238 recessit
1985 1206 2087 1238 valde

241 1258 328 1290 bene
343 1258 485 1290 sotiatus
500 1268 521 1289 a
536 1256 808 1289 Bononiensibus
823 1261 857 1289 et
873 1255 1080 1289 Florentinis
1095 1261 1130 1288 et
1153 1256 1214 1288 ivit
1237 1257 1446 1289 Florentiam
1471 1268 1549 1290 cum
1572 1257 1729 1290 omnibus
1751 1259 1820 1290 suis
1842 1258 1963 1291 amicis
1985 1268 2087 1291 sanus

240 1315 275 1343 et
297 1310 420 1344 salvus.
465 1310 589 1343 Postea
612 1321 690 1343 cum
713 1310 860 1342 maximo
875 1319 977 1342 avere
1001 1310 1141 1342 recessit
1164 1310 1207 1342 de
1230 1310 1406 1343 Florentia
1428 1316 1463 1342 et
1484 1311 1547 1343 ivit
1570 1311 1606 1342 in
1623 1311 1691 1343 suis
1714 1311 1880 1344 contratis
1901 1317 1936 1344 et
1959 1311 2087 1344 dimisit
2108 1313 2151 1344 20

239 1360 430 1394 Bononiam
453 1361 490 1393 in
512 1361 603 1394 malo
626 1366 727 1393 statu.

328 1412 459 1445 Eodem
482 1421 583 1444 anno.
608 1430 650 1434 —-
673 1411 756 1443 Post
780 1411 966 1443 discessum
991 1411 1078 1444 dicti
1101 1411 1231 1443 domini
1255 1411 1358 1455 legati
1380 1411 1514 1454 Lippus
1538 1413 1581 1445 de
1603 1412 1776 1445 Alidoxiis
1807 1413 1851 1446 de
1881 1413 1990 1446 Imola
2019 1413 2086 1446 fuit

239 1466 354 1498 factus
375 1470 527 1508 potestas
548 1465 725 1497 Bononiae
739 1470 774 1496 et
790 1464 965 1496 Nordolus
982 1464 1026 1496 de
1042 1464 1206 1496 Nordolis
1223 1465 1266 1496 de
1282 1465 1390 1496 Imola
1406 1465 1473 1497 fuit
1488 1466 1604 1498 factus
1621 1466 1821 1508 capitaneus
1835 1467 1956 1509 populi
1970 1466 2085 1499 Bono-

239 1519 326 1552 niae.
373 1518 444 1557 Qui
474 1518 606 1560 Lippus
629 1518 672 1550 de
694 1516 875 1556 Alidoxiis,
891 1522 1075 1560 antequam
1092 1512 1249 1550 do'minus
1266 1517 1397 1561 legatus
1421 1518 1632 1551 discessisset
1649 1520 1692 1551 de
1716 1519 1811 1552 dicto
1835 1526 1962 1559 castro,
1977 1519 2085 1552 iverat

239 1573 380 1605 Imolam
395 1577 430 1604 et
445 1576 630 1614 acceperat
654 1570 840 1603 dominium
865 1570 991 1602 Imolae
1014 1580 1077 1612 pro
1101 1580 1137 1602 se
1159 1575 1194 1602 et
1217 1571 1347 1612 expulit
1364 1571 1407 1603 de
1422 1571 1530 1603 Imola
1545 1577 1679 1614 partem
1696 1573 1833 1605 illorum
1850 1573 1893 1605 de
1909 1572 2084 1605 Nordolis.
2106 1571 2148 1604 25

325 1625 458 1658 Eodem
480 1634 582 1657 anno·
607 1643 648 1647 —
671 1623 839 1656 Dominus
861 1623 1036 1655 Rodulfus
1060 1623 1103 1655 de
1127 1623 1354 1656 Grassonibus
1379 1624 1422 1656 de
1452 1624 1590 1657 Mutina
1621 1626 1688 1657 fuit
1718 1631 1870 1668 potestas
1895 1625 2082 1658 Bononiae.

237 1679 413 1712 Nordolus
436 1679 479 1711 de
502 1677 667 1710 Nordolis
690 1676 888 1719 praedictus
912 1677 1121 1719 capitaneus.
1166 1676 1334 1709 Dominus
1355 1676 1569 1710 Alamannus
1593 1679 1636 1710 de
1663 1678 1783 1721 Opicis
1807 1679 1850 1711 de
1871 1679 1995 1712 Luchs.
2017 1678 2084 1711 fuit

237 1731 352 1763 factus
375 1730 575 1772 capitaneus
596 1729 695 1771 pacis
717 1728 753 1760 in
775 1727 941 1760 Bononia.

324 1781 456 1814 Eodem
479 1789 581 1820 anno,
599 1779 654 1812 die
677 1788 745 1820 an
769 1779 896 1821 aprilis.
914 1797 955 1801 —
978 1779 1088 1811 Datus
1110 1779 1178 1812 fuit
1201 1780 1406 1812 confalonus
1429 1779 1578 1823 justitiae
1597 1791 1692 1813 more
1707 1781 1807 1813 solito
1823 1781 1979 1814 societati
1994 1780 2082 1823 Spa-

238 1835 358 1868 darum
373 1844 436 1877 pro
452 1844 547 1866 arma
562 1838 596 1865 et
612 1831 768 1865 societati
784 1832 1005 1864 Notariorum
1020 1842 1084 1874 pro
1099 1838 1174 1864 arte
1189 1838 1223 1864 et
1238 1832 1419 1865 venerunt'
1436 1834 1482 1865 ad
1497 1834 1678 1876 palatium;
1695 1839 1730 1866 et
1745 1834 1780 1866 in
1796 1844 1914 1866 eorum
1930 1834 2083 1867 discessu
2104 1834 2148 1866 30

235 1888 365 1931 positus
387 1887 454 1920 fuit
477 1886 682 1919 confalonus
704 1886 751 1917 ad
773 1885 1012 1928 arengheriam
1028 1895 1091 1927 per
1113 1886 1252 1917 modum
1276 1886 1418 1923 furoris;
1443 1891 1478 1918 et
1500 1887 1567 1918 fuit
1590 1896 1734 1930 magnus
1756 1897 1873 1919 rumor
1894 1887 1931 1919 in
1953 1887 2082 1930 populo

234 1947 269 1974 et
291 1950 409 1974 omnes
431 1944 608 1973 traxerunt
631 1939 678 1971 ad
700 1949 805 1971 arma.
852 1938 898 1970 Et
925 1943 1008 1970 tunc
1040 1938 1128 1970 facti
1157 1939 1298 1971 fuerunt
1330 1939 1493 1971 confinati
1524 1939 1739 1982 infrascripti
1770 1940 1873 1979 cives,
1897 1939 2079 1972 videlicet:

236 1994 392 2027 dominus
425 1993 546 2026 Petrus
576 1993 619 2025 de
649 1991 813 2030 Galuciis,
843 2001 899 2023 ser
925 1991 1102 2034 Johannes
1132 1991 1372 2030 Ghiselabelle‚
1403 1992 1611 2025 Franciscus
1642 1993 1686 2025 de
1715 1993 1876 2036 anano,
1907 1993 2082 2026 Marsilius

234 2048 442 2090 Tetacapra,
473 2056 527 2079 ser
555 2045 731 2089 Johannes
761 2045 805 2077 de
838 2043 1049 2082 Bonvixinis‚
1082 2044 1310 2077 Goroncellus
1340 2045 1384 2077 de
1416 2045 1508 2085 Sala,
1539 2046 1739 2078 Cavalerius
1769 2045 1962 2086 Ansaldini,
1994 2045 2081 2078 Gre-

234 2101 350 2145 gorius
372 2099 579 2138 Bixanellus‚
602 2098 800 2143 Mucolinus
823 2098 867 2130 de
890 2097 1047 2141 Rayxiis,
1071 2097 1238 2130 Nicolaus
1262 2098 1305 2130 de
1327 2098 1610 2141 Bonjohanninis,
1633 2099 1790 2132 Donatus
1821 2099 1864 2131 de
1894 2099 2079 2143 Campeco,
2102 2096 2145 2130 35

234 2165 289 2187 ser
319 2154 432 2187 Guido
463 2153 507 2185 de
534 2151 775 2191 Mascharinis,
806 2151 948 2184 Nannes
978 2150 1168 2190 Bixilerius,
1198 2151 1350 2184 Blancus
1380 2152 1423 2184 de
1453 2152 1634 2191 Vilanova,
1664 2152 1787 2184 Petrus
1817 2153 1860 2184 de
1889 2152 2079 2196 Picigoffls,

235 2207 386 2240 Siverius
407 2216 462 2239 ser
481 2205 650 2250 Johannis
666 2205 710 2238 de
723 2204 866 2242 Bixano.
912 2204 984 2243 Qui
1007 2203 1169 2243 Siverius,
1186 2205 1325 2247 quando
1341 2205 1537 2244 recedebat,
1553 2206 1621 2238 fuit
1635 2211 1806 2244 mortuus3
1822 2211 1856 2238 et
1873 2216 1951 2238 cum
1967 2206 2088 2248 dictus¹

234 2271 289 2293 ser
309 2260 494 2304 Johannes‚
517 2269 597 2292 suus
612 2264 721 2301 pater,
737 2258 870 2291 audivit
886 2258 980 2301 quod
1003 2258 1117 2289 fuerat
1139 2263 1303 2296 mortuus,
1326 2258 1440 2291 subito
1463 2259 1669 2300 spasemavit
1691 2265 1833 2302 propter
1856 2259 2019 2291 dolorem.

321 2314 452 2346 Eodem
475 2322 576 2345 anno.
601 2331 642 2336 -
666 2312 721 2344 Illi
744 2312 788 2344 de
810 2311 1003 2343 Malatestis
1025 2315 1193 2342 venerunt
1215 2311 1261 2342 ad
1285 2311 1492 2343 discordiam
1508 2312 1657 2344 invicem
1673 2318 1708 2344 et
1724 2313 1882 2344 dominus
1896 2311 2079 2344 Malatesta

233 2370 268 2398 et
291 2364 448 2398 dominus
471 2363 635 2397 Galaotus
657 2364 783 2396 fratres
807 2362 982 2395 dominum
1004 2361 1262 2394 Malatestinum
1287 2368 1564 2395 carceraverunt.
2101 2363 2143 2395 40
2184 2388 2189 2390 a

319 2416 451 2449 Eodem
473 2415 663 2454 millesimo,
687 2415 743 2447 die
765 2423 860 2455 xan
882 2412 1018 2456 aprelis.
1043 2430 1085 2435 -
1115 2412 1364 2446 Monasterium
1394 2415 1540 2446 fratrum
1572 2415 1616 2447 de
1646 2414 1795 2448 Certoxa
1824 2415 1892 2448 fuit
1922 2415 1966 2448 de
1987 2423 2077 2447 novo

234 2467 462 2501 aedificatum.

322 2518 455 2551 Eodem
476 2517 665 2550 millesimo.
690 2536 732 2540 —
754 2516 856 2550 Facti
877 2517 1018 2549 fuerunt
1051 2524 1103 2546 xx
1135 2515 1267 2548 antiani
1300 2526 1364 2559 pro
1398 2515 1680 2550 reconciliatione
1711 2517 1860 2551 civitatis
1890 2517 2076 2557 Bononiae,

233 2570 394 2603 videlicet
417 2569 568 2613 quinque
590 2578 655 2611 pro
678 2568 863 2612 quarterio,
886 2567 1070 2601 videlicet:

298 2621 455 2656 Musotus
477 2623 522 2655 de
545 2621 729 2655 Sabadinis
740 2645 982 2655 ........
1184 2631 1239 2653 ser
1260 2621 1519 2655 Bartolomaeus
1542 2622 1585 2656 de
1601 2623 1787 2656 Consortis.
1811 2647 1820 2656 .
1847 2648 1855 2656 .
2106 2619 2147 2653 45

299 2686 354 2708 ser
374 2675 496 2709 Petrus
511 2675 741 2720 Magagnolus
758 2676 801 2708 de
821 2675 982 2708 Saliceto.
1182 2673 1379 2707 Dinarellus
1403 2675 1446 2707 de
1470 2675 1661 2708 Ghisileriis
1677 2699 1853 2709 ......

299 2738 354 2761 ser
374 2729 581 2762 Franciscus
604 2721 647 2762 de
662 2729 884 2774 Bentevoglis
907 2752 915 2761 .
939 2752 948 2761 .
973 2752 982 2761 .
1023 2731 1118 2764 Petri
1181 2726 1402 2760 Benvenutus
1425 2728 1469 2760 de
1491 2729 1604 2761 Riciis
1610 2753 1853 2764 ........
1904 2732 2009 2766 Sterii

298 2791 353 2815 ser
374 2781 494 2815 Petrus
517 2782 560 2815 de
584 2782 783 2815 Gar-isendis
807 2805 981 2815 ......
1181 2779 1334 2813 Michael
1359 2781 1402 2813 de
1417 2779 1583 2825 Argelata
1606 2805 1852 2815 ........

1182 2833 1349 2867 Nicolaus
1373 2835 1416 2867 de
1434 2835 1464 2867 F
1464 2835 1653 2879 lamenghis
1677 2859 1851 2869 ......

315 2924 327 2943 1
349 2917 413 2943 cod.
431 2918 492 2943 erat
510 2931 543 2936 —
565 2921 596 2948 17
614 2917 749 2951 castrum]
767 2925 846 2951 segue
863 2919 891 2944 et
911 2919 1052 2945 recederet
1069 2919 1212 2945 cancellato
1230 2933 1263 2938 —
1282 2925 1317 2952 24
1334 2918 1445 2952 fratres]
1464 2927 1542 2952 segue
1560 2919 1726 2953 expulerunt
1738 2919 1880 2945 cancellato
1893 2932 1926 2939 —-
1939 2925 1973 2951 49
1985 2919 2070 2945 Neela

231 2959 261 2986 ι·
279 2961 327 2987 col,
346 2960 369 2985 il
384 2960 472 2993 quinto
489 2967 561 2985 nome
579 2968 670 2986 manca
