2196 3424
99 676 191 699 c.35'b

95 1155 186 1175 15.an

80 1635 126 1651 nm.-
146 1629 182 1649 ¹26

87 1741 106 1756 c.
122 1735 178 1760 3⁴7⁶

86 2376 106 2392 c.
121 2375 176 2395 4011

271 160 319 198 22
831 157 1112 197 MATTHAEI
1140 156 1210 195 DE
1239 157 1586 196 GRIFFONIBUS
1821 163 2112 202 [AA.1275-12771

356 295 489 327 Eodem
513 303 613 325 anno.
640 311 680 315 —
704 292 939 324 Bononienses
962 292 1189 334 perdiderunt
1213 291 1372 324 Cerviam
1395 297 1536 333 propter
1561 291 1738 324 defectum
1761 292 1911 326 Plevalis
1927 294 1971 327 de
1994 294 2112 338 Stupa,

266 349 351 380 civis
375 346 603 384 bononiensis,
629 345 800 387 capitanei
824 345 925 376 castri
949 344 1106 383 Cerviae,
1123 345 1182 387 qui
1205 343 1345 376 Plevale
1370 344 1437 376 fuit
1460 344 1617 386 proditor
1640 350 1763 378 contra
1785 345 1974 380 Bononiam
1999 354 2033 381 et
2049 359 2112 391 pro

268 402 417 443 pecunia
441 399 537 432 dedit
559 399 670 440 ipsum
695 403 844 430 castrum
869 397 1149 429 Forliviensibus.

354 447 500 485 Eodem*
511 461 613 484 anno.
638 469 678 473 -——
713 450 947 483 Lambertacii
982 451 1117 492 expulsi
1150 456 1364 492 acceperunt
1394 450 1502 483 multa
1531 456 1644 484 castra
1674 453 1813 484 comuni
1843 452 2033 493 Bononiae,
2064 455 2115 487 vi-

265 506 394 539 delicet
417 505 573 538 Castrum
596 503 762 542 Leonem,
788 503 942 541 Sextum,
966 502 1139 542 Bisanum‚
1162 503 1355 547 Loglanum
1380 510 1414 536 et
1438 504 1546 536 multa
1568 504 1645 536 alia.
2159 507 2177 540 5

352 558 486 591 Eodem
510 567 611 590 anno.
637 575 678 579 —
701 556 868 589 Dominus
891 556 1096 594 Landulfus,
1121 556 1228 588 abbas
1244 556 1475 596 Nonantulae‚
1500 563 1655 590 mortuus
1678 557 1745 591 fuit
1768 569 1789 590 a
1811 559 1882 592 filio
1905 559 2113 603 Curtapellis

264 613 308 645 de
332 610 531 644 Nonantula
554 616 588 642 et
611 609 764 642 Odorico
789 609 919 641 domini
942 609 1085 652 Ugolini
1110 610 1153 641 de
1179 609 1376 653 Savignano
1401 610 1444 642 de
1469 609 1615 643 Mutina.

354 663 632 696 M.CCLXXVI.
657 681 698 684 —
725 662 893 694 Dominus
915 662 1091 705 Ricardus
1119 662 1162 694 de
1189 662 1348 701 Belvaro,
1374 663 1533 695 dominus
1566 664 1608 696 de
1632 659 1824 704 Duroforti‚
1851 666 1908 698 cui
1932 666 2114 700 dicebatur

264 718 438 761 Ricardus
472 717 516 748 de
550 716 744 748 Belvedere
781 721 815 747 et
850 721 924 747 erat
958 715 1056 747 miles
1092 715 1223 748 domini
1258 716 1350 758 regis
1381 715 1530 755 Charoli.
1562 717 1629 749 fuit
1663 717 1778 750 factus
1812 725 1964 761 potestas
2000 719 2116 752 Bono-

262 771 339 803 niae
362 780 426 812 pro
450 769 687 802 conservando
718 774 852 810 partem
875 768 1029 811 guelfam
1054 773 1088 800 et
1111 768 1196 801 obiit
1218 769 1253 800 in
1277 769 1433 801 Bononia
1462 770 1518 802 die
1542 779 1593 802 xv
1615 770 1778 810 octobris,
1802 778 1958 814 tempore
1981 773 2035 804 sui
2057 784 2112 805 re-
2139 773 2178 805 10

261 823 409 866 giminis,
434 828 467 855 et
490 821 643 864 sepultus
674 821 741 854 fuit
771 821 807 852 in
838 821 949 863 primo
974 821 1123 854 claustro
1147 821 1318 854 ecclesiae
1343 823 1453 855 sancti
1477 823 1657 856 Francisci
1681 825 1843 866 expensis
1867 826 2023 858 comunis
2045 825 2112 859 Bo-

264 876 398 908 noniae.
418 914 421 918 ⁴

348 929 482 961 Eodem
506 938 607 960 anno.
632 946 673 950 ——
697 927 934 960 Bononienses
965 927 1128 961 fecerunt
1160 929 1352 961 exercitum
1383 929 1429 961 ad
1460 935 1573 962 castra
1602 930 1815 970 Belvederis,
1839 931 1952 964 Castri
1973 931 2113 971 Leonis,

259 981 491 1014 Montisfortis
515 987 549 1014 et
571 981 848 1013 Predacoloriae.
896 981 942 1013 Et
964 981 1000 1012 in
1016 981 1265 1014 Predacoloria
1282 982 1375 1024 capti
1398 982 1540 1016 fuerunt
1564 983 1687 1016 decem
1710 984 1842 1017 banniti
1866 985 2012 1027 expulsi,
2029 995 2115 1029 quos

259 1034 417 1067 bannitos
439 1044 585 1067 comune
602 1034 778 1066 Bononiae
795 1034 879 1075 poni
896 1034 982 1066 fecit
998 1035 1033 1065 in
1050 1035 1178 1076 palatio
1196 1035 1327 1067 domini
1342 1036 1521 1077 potestatis
1536 1036 1572 1068 in
1589 1037 1737 1079 quadam
1755 1048 1903 1077 camera,
1920 1048 2008 1081 quae
2026 1044 2108 1071 tunc
2138 1037 2175 1070 15

257 1093 291 1119 et
313 1093 433 1130 postea
455 1087 499 1120 ab
522 1087 604 1119 inde
629 1087 717 1119 citra
740 1087 915 1119 nominata
938 1087 1005 1119 fuit
1027 1086 1274 1127 Predacolora,
1298 1088 1357 1120 ubi
1381 1089 1466 1120 dicti
1489 1089 1622 1122 banniti
1648 1090 1741 1132 capti
1765 1091 1935 1123 carcerati
1958 1091 2111 1124 fuerunt.

350 1141 484 1173 Eodem
508 1151 609 1173 anno.
634 1158 676 1162 -—
700 1139 856 1172 Comune
879 1140 1057 1172 Bononiae
1080 1141 1301 1182 recuperavit
1325 1147 1360 1173 et
1391 1141 1510 1175 habuit
1542 1148 1691 1175 castrum
1722 1142 1871 1187 Loglani
1899 1149 1934 1176 et
1965 1150 2113 1177 castrum

256 1194 383 1226 Bixani
405 1193 449 1226 ab
471 1193 647 1226 Ubaldino
679 1193 723 1225 de
753 1192 911 1236 Loglano
943 1204 1006 1235 pro
1037 1193 1133 1226 libris
1159 1197 1310 1226 ΜΜΜΜνε
1334 1194 1596 1234 bononinorum,
1628 1206 1713 1238 quas
1738 1196 1809 1229 sibi
1840 1197 1938 1230 dedit
1968 1207 2113 1230 comune

256 1247 443 1280 Bononiae.
489 1246 535 1279 Et
557 1252 640 1278 tunc
665 1246 779 1278 dictus
801 1246 996 1278 Ubaldinus
1016 1245 1144 1289 juravit
1167 1253 1300 1289 partem
1324 1248 1477 1290 guelfam
1500 1249 1537 1280 in
1568 1249 1713 1281 consilio
1741 1249 1863 1292 populi
1893 1249 2114 1283 bononiensis

256 1311 319 1342 per
341 1300 519 1342 publicum
542 1299 815 1331 instrumentum.
862 1300 908 1331 Et
931 1305 1012 1332 tunc
1036 1299 1225 1342 Jacobinus
1247 1300 1458 1343 Pancachia,
1490 1302 1628 1334 fumans
1651 1308 1765 1335 terrae
1788 1303 2027 1341 Roneasffldi,
2051 1303 2118 1336 fuit
2139 1304 2181 1335 20

258 1353 426 1386 mediator
456 1352 574 1385 dictae
606 1352 816 1384 concordiae
848 1358 882 1384 et
906 1353 1001 1385 dicta
1032 1352 1075 1385 de
1101 1363 1205 1385 causa
1228 1353 1294 1386 fuit
1317 1354 1432 1387 factus
1456 1355 1541 1387 civis
1565 1354 1786 1388 bononiensis
1810 1362 1846 1389 et
1869 1362 2045 1389 extractus
2069 1356 2113 1389 de

257 1405 476 1439 fumantaria.

345 1459 480 1492 Eodem
503 1469 605 1497 anno,
630 1459 674 1491 de
698 1470 815 1491 mense
838 1458 936 1502 junii.
954 1478 996 1483 —
1011 1459 1167 1492 Domnus
1190 1460 1390 1503 Jacobinus,
1407 1461 1496 1494 filius
1510 1460 1675 1494 Andrioli
1698 1463 1869 1504 pelacani‚
1893 1462 1961 1496 fuit
1981 1462 2113 1505 positus

255 1513 292 1544 in
314 1513 425 1556 gaiba,
450 1521 491 1544 eo
515 1511 596 1554 quia
617 1511 691 1553 ipse
715 1512 894 1545 interfecit
918 1513 1082 1545 domnum
1104 1512 1332 1556 Peregrinum
1357 1514 1400 1546 de
1431 1514 1604 1554 Paderno,
1629 1522 1665 1548 et
1688 1526 1792 1548 causa
1818 1516 1886 1549 fuit
1908 1516 1989 1559 quia
2011 1515 2115 1560 ambq

257 1566 342 1598 dicti
364 1565 548 1607 presbiteri
578 1565 814 1606 procurabant
836 1565 965 1598 habere
989 1566 1174 1598 ecclesiam
1198 1567 1310 1599 sancti
1338 1567 1476 1600 Nicolai
1500 1569 1543 1600 de
1567 1568 1706 1602 Villola.
1754 1569 1800 1601 Et
1831 1570 1913 1602 dum
1944 1569 2010 1611 ipsi
2032 1579 2112 1611 pre-
2135 1566 2176 1600 25

257 1619 376 1651 sbiteri
399 1624 513 1650 essent
536 1618 598 1650 sub
622 1618 759 1659 porticu
782 1619 904 1651 domus
927 1629 982 1651 ser
1006 1619 1187 1652 Guidonis'
1205 1620 1248 1652 de
1266 1620 1483 1653 Griffonibus
1507 1628 1542 1654 et
1565 1622 1710 1654 fratrum
1727 1633 1877 1661 suorum,
1891 1628 2112 1665 patronorum

254 1672 361 1714 ipsius
383 1671 564 1709 ecclesiae,
588 1671 654 1713 ipsi
676 1671 861 1713 presbiteri
877 1678 1047 1705 venerunt
1063 1673 1109 1705 ad
1132 1673 1240 1706 verba
1255 1674 1403 1706 insimul.
1450 1675 1506 1707 Ex
1523 1684 1592 1717 quo
1609 1675 1723 1708 dictus
1748 1676 1909 1708 dominus
1924 1675 2112 1718 Jacobinus

256 1735 334 1757 cum
357 1735 426 1757 uno
449 1723 567 1776 gladio
590 1734 611 1756 a
641 1734 731 1766 pane
763 1724 942 1757 interfecit
973 1726 1103 1758 dictum
1136 1727 1299 1759 domnum
1323 1726 1560 1770 Pelegrinum3
1586 1735 1621 1761 et
1643 1739 1731 1761 unus
1760 1740 1804 1761 ex
1832 1729 1910 1761 filiis
1933 1727 2035 1761 dicti'
2058 1739 2114 1761 ser

256 1778 435 1816 Guidonis‚
459 1777 517 1820 qui
540 1782 614 1810 erat
636 1787 780 1821 magnus
803 1777 906 1811 homo
929 1779 965 1810 in
988 1779 1127 1821 populo,
1151 1779 1238 1812 fecit
1260 1780 1372 1822 ipsum
1397 1781 1476 1823 capi
1500 1787 1534 1814 et
1559 1781 1641 1814 duci
1663 1782 1700 1813 in
1723 1781 1862 1814 fortiam
1888 1782 2018 1814 domini
2040 1782 2113 1824 epi-

256 1831 353 1873 scopi
374 1830 561 1863 Bononiae.
609 1829 681 1868 Qui
705 1830 862 1863 dominus
885 1832 1069 1874 episcopus
1084 1833 1196 1874 ipsum
1219 1833 1308 1866 fecit
1329 1834 1412 1876 poni
1435 1835 1472 1866 in
1495 1834 1609 1878 gaiba,
1633 1834 1668 1866 in
1691 1845 1760 1878 qua
1782 1835 1874 1867 stetit
1897 1844 2016 1876 XLan
2039 1835 2113 1867 die·
2135 1835 2178 1866 30

254 1884 328 1923 bus,
352 1889 387 1917 et
408 1883 457 1916 ibi
480 1889 633 1916 mortuus
654 1883 730 1916 fuit.
776 1885 824 1917 Et
846 1891 929 1917 tunc
954 1885 1039 1918 dicti
1062 1885 1106 1918 de
1131 1886 1347 1919 Griffonibus
1377 1888 1513 1929 patroni
1539 1888 1719 1931 elegerunt
1749 1899 1855 1920 unum
1882 1888 2112 1930 presbiterum

255 1937 547 1980 consanguineum
571 1937 656 1969 dicti
680 1937 798 1969 domni
820 1937 999 1981 Peregrini
1022 1939 1068 1971 ad
1092 1939 1221 1971 dictam
1244 1940 1429 1972 ecclesiam
1453 1951 1490 1972 sa
1517 1941 1563 1973 cti
1585 1941 1735 1973 Nicolai.

343 1990 477 2023 Eodem
501 2000 602 2022 anno.
627 2008 669 2013 —
692 1990 861 2023 Dominus
884 1990 1100 2024 castellanus
1131 1992 1175 2025 de
1198 1991 1348 2032 Andalo,
1381 1994 1440 2036 qui
1463 1951 1607 2040 sgterat
1637 1995 1672 2026 in
1704 1995 1905 2028 carceribus
1935 1994 2111 2028 Bononiae

255 2043 388 2076 duobus
411 2043 509 2076 annis
531 2049 567 2076 et
589 2043 724 2076 duobus
746 2044 931 2084 mensibuS,
955 2044 1040 2078 obiit
1055 2046 1091 2077 in
1108 2046 1212 2078 dictis
1229 2047 1428 2079 carceribus
1445 2041 1483 2080 et'
1495 2048 1649 2090 sepultus
1665 2048 1732 2080 fuit
1748 2048 1783 2080 in
1801 2048 1951 2081 ecclesia
1966 2048 2111 2081 fratrum

255 2097 366 2130 sancti
387 2097 562 2130 Dominici
586 2097 630 2129 de
659 2097 828 2130 Bononia.
2133 2099 2174 2133 35

343 2150 478 2183 Eodem
501 2160 602 2183 anno.
626 2168 668 2173 —
691 2150 860 2184 Dominus
876 2151 1086 2186 Rambertus
1102 2153 1146 2185 de
1164 2153 1383 2187 Guidonibus
1399 2154 1496 2188 duxit
1511 2155 1547 2187 in
1563 2165 1708 2188 uxorem
1725 2155 1829 2188 filiam
1855 2155 1985 2188 domini
2001 2155 2111 2199 Caca-

255 2203 371 2238 nimici
396 2203 440 2235 de
464 2202 705 2247 Cacanimicis,
730 2204 786 2242 die
810 2214 880 2246 an
902 2206 1029 2238 mensis
1053 2207 1259 2246 novembris,
1285 2213 1319 2239 et
1343 2207 1439 2240 dicta
1463 2208 1519 2240 die
1545 2209 1792 2242 conventuavit
1809 2219 1845 2241 se
1861 2208 1897 2240 in
1921 2208 2055 2252 legibus
2076 2214 2111 2241 et

254 2255 366 2288 factus
389 2255 455 2288 fuit
477 2255 601 2288 doctor
623 2266 688 2298 per
711 2257 842 2289 dictum
867 2258 1042 2291 dominum
1066 2259 1363 2304 Chacanimicum‚
1381 2260 1453 2304 ejus
1477 2272 1647 2300 socerum,
1665 2267 1700 2294 et
1716 2262 1848 2295 factum
1865 2261 1932 2294 fuit
1954 2261 2110 2304 pulcrum

254 2308 380 2341 festum
397 2308 490 2341 dicta
505 2309 549 2341 de
563 2319 667 2342 causa
673 2321 683 2347 3
701 2316 736 2342 et
752 2320 830 2342 cum
846 2311 913 2343 fuit
926 2318 1179 2345 conventuatus
1195 2313 1294 2345 duxit
1310 2314 1420 2356 ipsam
1434 2314 1608 2347 dominam
1623 2314 1780 2348 Mutinae
1794 2315 1839 2348 ad
1851 2315 1989 2347 domum
2001 2325 2108 2347 suam.

341 2361 634 2395 M.CCLXXVII.
660 2380 702 2385 -
724 2363 893 2396 Dominus
918 2363 1060 2397 Stoldus
1084 2366 1128 2398 de
1151 2366 1286 2399 Rubeis
1311 2367 1354 2400 de
1379 2367 1558 2400 Florentia
1581 2367 1647 2400 fuit
1670 2374 1822 2410 potestas
1845 2368 2034 2401 Bononiae.
2131 2368 2174 2399 40

343 2414 477 2447 Eodem
494 2425 596 2447 anno.
615 2433 657 2438 —-
672 2415 911 2449 Bononienses
927 2423 1049 2450 euntes
1072 2418 1291 2458 Ravennam,
1309 2420 1353 2452 de
1371 2431 1488 2453 mense
1510 2421 1608 2464 junii,
1633 2421 1775 2454 fuerunt
1791 2421 1945 2454 conflicti
1969 2431 1989 2453 a
2004 2420 2107 2453 Lam-

253 2466 416 2499 bertaciis
438 2467 591 2509 expulsis
612 2477 722 2509 prope
745 2468 970 2508 Ravennam3
996 2470 1031 2502 in
1055 2481 1123 2513 quo
1148 2472 1312 2505 conflictu
1344 2473 1504 2505 dominus
1535 2473 1722 2520 Jacobinus
1751 2474 1796 2506 de
1824 2473 2110 2517 Prendipartibus

253 2519 320 2551 fuit
342 2525 494 2552 mortuus
517 2530 538 2552 a
562 2520 722 2553 Guidone
747 2522 791 2554 de
814 2521 1013 2555 Acharixiis
1037 2524 1082 2556 de
1106 2525 1275 2558 Faventia
1292 2532 1327 2558 et
1350 2527 1444 2569 capti
1467 2527 1609 2560 fuerunt
1634 2528 1729 2560 circa
1752 2537 1794 2560 cc
1815 2527 1858 2560 de
1882 2527 2110 2560 Bononiensi-

254 2572 327 2611 bus,
351 2582 438 2615 quos
461 2572 655 2607 habuerunt
676 2574 920 2608 Lambertacii.

341 2625 476 2658 Eodem
500 2637 601 2659 anno.
626 2645 668 2650 -—
690 2627 916 2662 Bastardinus
948 2631 991 2663 de
1025 2631 1254 2672 Griffonibus,
1286 2633 1344 2676 qui
1369 2640 1443 2667 erat
1463 2634 1601 2677 juvenis
1624 2635 1724 2667 valde
1749 2635 1904 2674 rissosus,
1928 2635 2107 2668 interfecit
2130 2633 2171 2667 45

253 2677 394 2711 militem
425 2678 556 2712 domini
585 2681 765 2722 potestatis
797 2692 902 2724 super
931 2684 1068 2727 piacola
1099 2686 1211 2718 sancti
1243 2686 1432 2720 Salvatoris
1464 2693 1499 2720 et
1529 2688 1664 2731 aufugit
1695 2688 1730 2720 in
1758 2688 1964 2721 monasterio
1996 2688 2108 2721 sancti

252 2730 447 2769 Francisci3
471 2738 506 2764 et
529 2732 660 2765 dictum
683 2733 750 2767 fuit
772 2735 866 2777 quod
889 2735 1014 2769 fratres
1037 2738 1227 2771 ‘vestierunt
1249 2739 1360 2782 ipsum
1384 2740 1429 2772 ad
1452 2741 1591 2773 modum
1615 2741 1731 2774 fratris
1760 2741 1907 2773 Minoris
1933 2747 1969 2774 et
1998 2741 2108 2774 duxe-

253 2789 332 2816 runt
353 2779 463 2825 ipsum
488 2790 596 2818 extra.
642 2786 688 2819 Et
710 2788 808 2820 multi
831 2788 1025 2830 doluerunt,
1050 2791 1145 2833 quod
1168 2791 1343 2832 evaderet,
1368 2793 1448 2836 quia
1464 2799 1539 2826 erat
1562 2794 1662 2826 nimis
1683 2794 1793 2827 malus
1815 2794 1929 2828 homo.

347 2907 379 2935 14
396 2901 594 2936 Montisfortis]
613 2905 728 2936 mpetum
747 2906 796 2931 due
815 2908 889 2954 »nolte
908 2908 1032 2935 nell’aut.
1053 2924 1085 2928 -
1105 2910 1139 2942 38
1158 2910 1268 2944 doctor]
1289 2912 1381 2937 scritto
1398 2920 1428 2937 su
1448 2912 1579 2938 abrasum
