<?xml version="1.0" encoding="UTF-8"?>
<!DOCTYPE html PUBLIC "-//W3C//DTD XHTML 1.0 Transitional//EN"
    "http://www.w3.org/TR/xhtml1/DTD/xhtml1-transitional.dtd">
<html xmlns="http://www.w3.org/1999/xhtml" xml:lang="en" lang="en">
 <head>
  <title>
</title>
<meta http-equiv="Content-Type" content="text/html;charset=utf-8" />
  <meta name='ocr-system' content='tesseract 3.04.00' />
  <meta name='ocr-capabilities' content='ocr_page ocr_carea ocr_par ocr_line ocrx_word'/>
</head>
<body>
  <div class='ocr_page' id='page_1' title='image "./rerumitalicarums182murauoft_0101.png"; bbox 0 0 2196 3424; ppageno 0'>
   <div class='ocr_carea' id='block_1_1' title="bbox 96 181 1934 228">
    <p class='ocr_par' dir='ltr' id='par_1_1' title="bbox 96 181 1934 228">
     <span class='ocr_line' id='line_1_1' title="bbox 96 181 1934 228; baseline -0.001 -8"><span class='ocrx_word' id='word_1_1' title='bbox 96 190 179 228; x_wconf 66' lang='grc' dir='ltr'><strong>[ΑΛ.</strong></span> <span class='ocrx_word' id='word_1_2' title='bbox 200 190 382 227; x_wconf 69' lang='lat' dir='ltr'><strong>mae-1291]</strong></span> <span class='ocrx_word' id='word_1_3' title='bbox 680 183 999 223; x_wconf 87' lang='lat' dir='ltr'><strong>MEMORIALE</strong></span> <span class='ocrx_word' id='word_1_4' title='bbox 1028 181 1355 223; x_wconf 86' lang='lat' dir='ltr'>HISTORICUM</span> <span class='ocrx_word' id='word_1_5' title='bbox 1886 182 1934 220; x_wconf 83' lang='lat'>25</span> 
     </span>
    </p>
   </div>
   <div class='ocr_carea' id='block_1_2' title="bbox 0 316 1960 2898">
    <p class='ocr_par' dir='ltr' id='par_1_2' title="bbox 98 316 1944 414">
     <span class='ocr_line' id='line_1_2' title="bbox 98 316 1944 363; baseline -0.003 -10"><span class='ocrx_word' id='word_1_6' title='bbox 98 324 238 353; x_wconf 87' lang='lat' dir='ltr'>sanctae</span> <span class='ocrx_word' id='word_1_7' title='bbox 261 318 394 351; x_wconf 85' lang='lat' dir='ltr'>Mariae</span> <span class='ocrx_word' id='word_1_8' title='bbox 419 319 463 351; x_wconf 90' lang='lat' dir='ltr'>de</span> <span class='ocrx_word' id='word_1_9' title='bbox 486 319 697 363; x_wconf 86' lang='lat' dir='ltr'>Rustiganis,</span> <span class='ocrx_word' id='word_1_10' title='bbox 728 329 816 362; x_wconf 86' lang='lat' dir='ltr'>quae</span> <span class='ocrx_word' id='word_1_11' title='bbox 848 324 921 351; x_wconf 84' lang='lat' dir='ltr'>erat</span> <span class='ocrx_word' id='word_1_12' title='bbox 951 318 986 351; x_wconf 90' lang='lat' dir='ltr'>in</span> <span class='ocrx_word' id='word_1_13' title='bbox 1020 318 1145 361; x_wconf 79' lang='lat' dir='ltr'>platea,</span> <span class='ocrx_word' id='word_1_14' title='bbox 1175 323 1209 350; x_wconf 91' lang='lat' dir='ltr'>et</span> <span class='ocrx_word' id='word_1_15' title='bbox 1236 318 1313 351; x_wconf 93' lang='lat' dir='ltr'>loco</span> <span class='ocrx_word' id='word_1_16' title='bbox 1342 318 1449 360; x_wconf 91' lang='lat' dir='ltr'>ipsius</span> <span class='ocrx_word' id='word_1_17' title='bbox 1478 317 1628 350; x_wconf 83' lang='lat' dir='ltr'>ecclesia</span> <span class='ocrx_word' id='word_1_18' title='bbox 1658 317 1724 349; x_wconf 74' lang='lat' dir='ltr'>fuit</span> <span class='ocrx_word' id='word_1_19' title='bbox 1755 316 1850 349; x_wconf 83' lang='lat' dir='ltr'>facta</span> <span class='ocrx_word' id='word_1_20' title='bbox 1876 327 1944 348; x_wconf 86' lang='lat' dir='ltr'>una</span> 
     </span>
     <span class='ocr_line' id='line_1_3' title="bbox 99 371 772 414; baseline -0.001 -9"><span class='ocrx_word' id='word_1_21' title='bbox 99 382 186 405; x_wconf 85' lang='lat' dir='ltr'>cmx</span> <span class='ocrx_word' id='word_1_22' title='bbox 210 376 354 414; x_wconf 88' lang='lat' dir='ltr'>coperta</span> <span class='ocrx_word' id='word_1_23' title='bbox 375 376 410 403; x_wconf 88' lang='lat' dir='ltr'>et</span> <span class='ocrx_word' id='word_1_24' title='bbox 433 371 502 404; x_wconf 83' lang='lat' dir='ltr'>alta</span> <span class='ocrx_word' id='word_1_25' title='bbox 525 381 602 404; x_wconf 91' lang='lat' dir='ltr'>cum</span> <span class='ocrx_word' id='word_1_26' title='bbox 627 371 772 414; x_wconf 86' lang='lat' dir='ltr'>capello.</span> 
     </span>
    </p>

    <p class='ocr_par' dir='ltr' id='par_1_3' title="bbox 98 422 1945 520">
     <span class='ocr_line' id='line_1_4' title="bbox 185 422 1945 467; baseline -0.002 -10"><span class='ocrx_word' id='word_1_27' title='bbox 185 424 319 457; x_wconf 80' lang='lat' dir='ltr'>Eodem</span> <span class='ocrx_word' id='word_1_28' title='bbox 342 433 443 457; x_wconf 89' lang='lat' dir='ltr'>anno.</span> <span class='ocrx_word' id='word_1_29' title='bbox 467 442 509 447; x_wconf 79' lang='lat'>——</span> <span class='ocrx_word' id='word_1_30' title='bbox 533 423 744 466; x_wconf 81' lang='lat' dir='ltr'>Ampliatum</span> <span class='ocrx_word' id='word_1_31' title='bbox 765 424 832 457; x_wconf 76' lang='lat' dir='ltr'>fuit</span> <span class='ocrx_word' id='word_1_32' title='bbox 863 425 1000 457; x_wconf 87' lang='lat' dir='ltr'>trivium</span> <span class='ocrx_word' id='word_1_33' title='bbox 1031 429 1151 467; x_wconf 83' lang='lat' dir='ltr'>portae</span> <span class='ocrx_word' id='word_1_34' title='bbox 1183 424 1398 456; x_wconf 87' lang='lat' dir='ltr'>Ravennatis</span> <span class='ocrx_word' id='word_1_35' title='bbox 1421 429 1455 456; x_wconf 88' lang='lat' dir='ltr'>et</span> <span class='ocrx_word' id='word_1_36' title='bbox 1480 433 1623 456; x_wconf 90' lang='lat' dir='ltr'>comune</span> <span class='ocrx_word' id='word_1_37' title='bbox 1655 422 1830 455; x_wconf 85' lang='lat' dir='ltr'>Bononiae</span> <span class='ocrx_word' id='word_1_38' title='bbox 1862 422 1945 455; x_wconf 86' lang='lat' dir='ltr'>emit</span> 
     </span>
     <span class='ocr_line' id='line_1_5' title="bbox 98 475 1945 520; baseline -0.002 -10"><span class='ocrx_word' id='word_1_39' title='bbox 98 478 227 516; x_wconf 86' lang='lat' dir='ltr'>domos,</span> <span class='ocrx_word' id='word_1_40' title='bbox 244 487 332 520; x_wconf 88' lang='lat' dir='ltr'>qnae</span> <span class='ocrx_word' id='word_1_41' title='bbox 355 476 404 509; x_wconf 89' lang='lat' dir='ltr'>ibi</span> <span class='ocrx_word' id='word_1_42' title='bbox 427 482 536 515; x_wconf 89' lang='lat' dir='ltr'>erant,</span> <span class='ocrx_word' id='word_1_43' title='bbox 552 487 573 508; x_wconf 91' lang='lat' dir='ltr'>a</span> <span class='ocrx_word' id='word_1_44' title='bbox 596 477 821 519; x_wconf 88' lang='lat' dir='ltr'>Passipovero</span> <span class='ocrx_word' id='word_1_45' title='bbox 845 478 888 510; x_wconf 91' lang='lat' dir='ltr'>de</span> <span class='ocrx_word' id='word_1_46' title='bbox 911 477 1144 519; x_wconf 83' lang='lat' dir='ltr'>Passipoveris</span> <span class='ocrx_word' id='word_1_47' title='bbox 1167 476 1211 509; x_wconf 88' lang='lat' dir='ltr'>ab</span> <span class='ocrx_word' id='word_1_48' title='bbox 1234 476 1420 509; x_wconf 83' lang='lat' dir='ltr'>heredibus</span> <span class='ocrx_word' id='word_1_49' title='bbox 1443 475 1602 519; x_wconf 76' lang='lat' dir='ltr'>jacobini</span> <span class='ocrx_word' id='word_1_50' title='bbox 1623 475 1781 519; x_wconf 88' lang='lat' dir='ltr'>Bugloni,</span> <span class='ocrx_word' id='word_1_51' title='bbox 1798 486 1819 507; x_wconf 89' lang='lat' dir='ltr'>a</span> <span class='ocrx_word' id='word_1_52' title='bbox 1841 475 1945 507; x_wconf 88' lang='lat' dir='ltr'>Blan-</span> 
     </span>
    </p>

    <p class='ocr_par' dir='ltr' id='par_1_4' title="bbox 55 529 1789 568">
     <span class='ocr_line' id='line_1_6' title="bbox 55 529 1789 568; baseline -0.002 -5"><span class='ocrx_word' id='word_1_53' title='bbox 55 529 74 562; x_wconf 88' lang='lat'><strong>5</strong></span> <span class='ocrx_word' id='word_1_54' title='bbox 99 530 226 568; x_wconf 78' lang='lat' dir='ltr'>chittis‚</span> <span class='ocrx_word' id='word_1_55' title='bbox 250 529 473 568; x_wconf 55' lang='lat' dir='ltr'>Garisendiffi&#39;</span> <span class='ocrx_word' id='word_1_56' title='bbox 497 529 655 568; x_wconf 86' lang='lat' dir='ltr'>Parixiis‚</span> <span class='ocrx_word' id='word_1_57' title='bbox 678 529 869 562; x_wconf 68' lang='lat' dir='ltr'>Vnt-alianis</span> <span class='ocrx_word' id='word_1_58' title='bbox 892 535 927 562; x_wconf 91' lang='lat' dir='ltr'>et</span> <span class='ocrx_word' id='word_1_59' title='bbox 949 530 1034 568; x_wconf 90' lang='lat' dir='ltr'>aliis,</span> <span class='ocrx_word' id='word_1_60' title='bbox 1059 535 1094 563; x_wconf 88' lang='lat' dir='ltr'>et</span> <span class='ocrx_word' id='word_1_61' title='bbox 1118 534 1234 562; x_wconf 79' lang='lat' dir='ltr'>cartae</span> <span class='ocrx_word' id='word_1_62' title='bbox 1259 534 1336 561; x_wconf 85' lang='lat' dir='ltr'>sunt</span> <span class='ocrx_word' id='word_1_63' title='bbox 1360 529 1405 561; x_wconf 87' lang='lat' dir='ltr'>ad</span> <span class='ocrx_word' id='word_1_64' title='bbox 1430 539 1600 561; x_wconf 86' lang='lat' dir='ltr'>cameram</span> <span class='ocrx_word' id='word_1_65' title='bbox 1624 534 1789 561; x_wconf 89' lang='lat' dir='ltr'>actorum.</span> 
     </span>
    </p>

    <p class='ocr_par' dir='ltr' id='par_1_5' title="bbox 98 581 1945 679">
     <span class='ocr_line' id='line_1_7' title="bbox 187 581 1945 626; baseline -0.001 -11"><span class='ocrx_word' id='word_1_66' title='bbox 187 583 322 616; x_wconf 87' lang='lat' dir='ltr'>Eodem</span> <span class='ocrx_word' id='word_1_67' title='bbox 344 592 445 615; x_wconf 81' lang='lat' dir='ltr'>anno·</span> <span class='ocrx_word' id='word_1_68' title='bbox 463 600 504 605; x_wconf 97' lang='lat'><strong>—</strong></span> <span class='ocrx_word' id='word_1_69' title='bbox 519 582 701 615; x_wconf 79' lang='lat' dir='ltr'>Manfredi</span> <span class='ocrx_word' id='word_1_70' title='bbox 723 582 767 615; x_wconf 89' lang='lat' dir='ltr'>de</span> <span class='ocrx_word' id='word_1_71' title='bbox 790 583 958 615; x_wconf 88' lang='lat' dir='ltr'>Faventia</span> <span class='ocrx_word' id='word_1_72' title='bbox 977 588 1012 615; x_wconf 89' lang='lat' dir='ltr'>et</span> <span class='ocrx_word' id='word_1_73' title='bbox 1034 581 1284 626; x_wconf 86' lang='lat' dir='ltr'>Maghinardus</span> <span class='ocrx_word' id='word_1_74' title='bbox 1308 582 1352 614; x_wconf 91' lang='lat' dir='ltr'>de</span> <span class='ocrx_word' id='word_1_75' title='bbox 1377 581 1552 614; x_wconf 87' lang='lat' dir='ltr'>Sosenana</span> <span class='ocrx_word' id='word_1_76' title='bbox 1574 585 1786 623; x_wconf 88' lang='lat' dir='ltr'>acceperunt</span> <span class='ocrx_word' id='word_1_77' title='bbox 1810 581 1945 613; x_wconf 86' lang='lat' dir='ltr'>Faven-</span> 
     </span>
     <span class='ocr_line' id='line_1_8' title="bbox 98 635 1306 679; baseline -0.002 -10"><span class='ocrx_word' id='word_1_78' title='bbox 98 637 182 669; x_wconf 84' lang='lat' dir='ltr'>tiam</span> <span class='ocrx_word' id='word_1_79' title='bbox 197 641 232 669; x_wconf 91' lang='lat' dir='ltr'>et</span> <span class='ocrx_word' id='word_1_80' title='bbox 248 635 456 678; x_wconf 85' lang='lat' dir='ltr'>expulerunt</span> <span class='ocrx_word' id='word_1_81' title='bbox 477 641 599 679; x_wconf 80' lang='lat' dir='ltr'>gentes</span> <span class='ocrx_word' id='word_1_82' title='bbox 621 636 813 674; x_wconf 80' lang='lat' dir='ltr'>Ecclesiae,</span> <span class='ocrx_word' id='word_1_83' title='bbox 837 647 925 679; x_wconf 85' lang='lat' dir='ltr'>quae</span> <span class='ocrx_word' id='word_1_84' title='bbox 949 641 1047 668; x_wconf 87' lang='lat' dir='ltr'>erant</span> <span class='ocrx_word' id='word_1_85' title='bbox 1069 635 1106 667; x_wconf 91' lang='lat' dir='ltr'>in</span> <span class='ocrx_word' id='word_1_86' title='bbox 1129 635 1306 667; x_wconf 84' lang='lat' dir='ltr'>Faventia.</span> 
     </span>
    </p>

    <p class='ocr_par' dir='ltr' id='par_1_6' title="bbox 178 687 1600 732">
     <span class='ocr_line' id='line_1_9' title="bbox 178 687 1600 732; baseline -0.001 -10"><span class='ocrx_word' id='word_1_87' title='bbox 178 689 320 722; x_wconf 68' lang='lat' dir='ltr'>Eodem</span> <span class='ocrx_word' id='word_1_88' title='bbox 343 698 444 721; x_wconf 90' lang='lat' dir='ltr'>anno.</span> <span class='ocrx_word' id='word_1_89' title='bbox 469 707 509 712; x_wconf 94' lang='lat'>—</span> <span class='ocrx_word' id='word_1_90' title='bbox 534 688 707 722; x_wconf 87' lang='lat' dir='ltr'>Heuricus</span> <span class='ocrx_word' id='word_1_91' title='bbox 730 688 774 721; x_wconf 87' lang='lat' dir='ltr'>de</span> <span class='ocrx_word' id='word_1_92' title='bbox 797 688 1027 732; x_wconf 68' lang='lat' dir='ltr'>Mecovilanis</span> <span class='ocrx_word' id='word_1_93' title='bbox 1049 687 1115 720; x_wconf 76' lang='lat' dir='ltr'>fuit</span> <span class='ocrx_word' id='word_1_94' title='bbox 1137 692 1289 730; x_wconf 86' lang='lat' dir='ltr'>potestas</span> <span class='ocrx_word' id='word_1_95' title='bbox 1313 687 1462 720; x_wconf 83' lang='lat' dir='ltr'>civitatis</span> <span class='ocrx_word' id='word_1_96' title='bbox 1483 687 1600 731; x_wconf 85' lang='lat' dir='ltr'>Regii.</span> 
     </span>
    </p>

    <p class='ocr_par' dir='ltr' id='par_1_7' title="bbox 188 738 1947 782">
     <span class='ocr_line' id='line_1_10' title="bbox 188 738 1947 782; baseline 0 -10"><span class='ocrx_word' id='word_1_97' title='bbox 188 740 323 773; x_wconf 86' lang='lat' dir='ltr'>Eodem</span> <span class='ocrx_word' id='word_1_98' title='bbox 345 749 446 772; x_wconf 76' lang='lat' dir='ltr'>anno,</span> <span class='ocrx_word' id='word_1_99' title='bbox 473 757 510 763; x_wconf 89' lang='lat'>—-</span> <span class='ocrx_word' id='word_1_100' title='bbox 536 739 687 782; x_wconf 82' lang='lat' dir='ltr'>Populus</span> <span class='ocrx_word' id='word_1_101' title='bbox 710 739 929 772; x_wconf 90' lang='lat' dir='ltr'>bononiensis</span> <span class='ocrx_word' id='word_1_102' title='bbox 951 739 1015 770; x_wconf 84' lang='lat' dir='ltr'>ivit</span> <span class='ocrx_word' id='word_1_103' title='bbox 1038 748 1116 771; x_wconf 90' lang='lat' dir='ltr'>cum</span> <span class='ocrx_word' id='word_1_104' title='bbox 1139 748 1264 782; x_wconf 87' lang='lat' dir='ltr'>magno</span> <span class='ocrx_word' id='word_1_105' title='bbox 1294 738 1411 770; x_wconf 81' lang='lat' dir='ltr'>furore</span> <span class='ocrx_word' id='word_1_106' title='bbox 1442 738 1487 770; x_wconf 85' lang='lat' dir='ltr'>ad</span> <span class='ocrx_word' id='word_1_107' title='bbox 1512 739 1649 770; x_wconf 92' lang='lat' dir='ltr'>domum</span> <span class='ocrx_word' id='word_1_108' title='bbox 1681 739 1809 771; x_wconf 90' lang='lat' dir='ltr'>domini</span> <span class='ocrx_word' id='word_1_109' title='bbox 1839 740 1947 772; x_wconf 84' lang='lat' dir='ltr'>Ram-</span> 
     </span>
    </p>

    <p class='ocr_par' dir='ltr' id='par_1_8' title="bbox 0 791 1947 932">
     <span class='ocr_line' id='line_1_11' title="bbox 0 791 1947 836; baseline -0.001 -11"><span class='ocrx_word' id='word_1_110' title='bbox 0 822 6 826; x_wconf 30' lang='lat' dir='ltr'><em>V</em></span> <span class='ocrx_word' id='word_1_111' title='bbox 37 793 76 825; x_wconf 82' lang='lat'>10</span> <span class='ocrx_word' id='word_1_112' title='bbox 99 793 188 826; x_wconf 82' lang='lat' dir='ltr'>berti</span> <span class='ocrx_word' id='word_1_113' title='bbox 212 792 256 825; x_wconf 90' lang='lat' dir='ltr'>de</span> <span class='ocrx_word' id='word_1_114' title='bbox 278 792 480 825; x_wconf 87' lang='lat' dir='ltr'>Bacelleriis</span> <span class='ocrx_word' id='word_1_115' title='bbox 503 797 538 825; x_wconf 85' lang='lat' dir='ltr'>et</span> <span class='ocrx_word' id='word_1_116' title='bbox 562 792 807 825; x_wconf 82' lang='lat' dir='ltr'>destruxerunt</span> <span class='ocrx_word' id='word_1_117' title='bbox 828 796 935 824; x_wconf 85' lang='lat' dir='ltr'>totam</span> <span class='ocrx_word' id='word_1_118' title='bbox 957 792 1066 833; x_wconf 82' lang='lat' dir='ltr'>ipsam</span> <span class='ocrx_word' id='word_1_119' title='bbox 1090 791 1227 823; x_wconf 91' lang='lat' dir='ltr'>domum</span> <span class='ocrx_word' id='word_1_120' title='bbox 1257 796 1291 823; x_wconf 90' lang='lat' dir='ltr'>et</span> <span class='ocrx_word' id='word_1_121' title='bbox 1322 791 1478 823; x_wconf 85' lang='lat' dir='ltr'>similiter</span> <span class='ocrx_word' id='word_1_122' title='bbox 1501 791 1619 823; x_wconf 89' lang='lat' dir='ltr'>domos</span> <span class='ocrx_word' id='word_1_123' title='bbox 1649 802 1727 823; x_wconf 87' lang='lat' dir='ltr'>suas</span> <span class='ocrx_word' id='word_1_124' title='bbox 1750 792 1794 824; x_wconf 94' lang='lat' dir='ltr'>de</span> <span class='ocrx_word' id='word_1_125' title='bbox 1817 791 1947 836; x_wconf 86' lang='lat' dir='ltr'>Argele</span> 
     </span>
     <span class='ocr_line' id='line_1_12' title="bbox 100 843 1947 889; baseline -0.001 -11"><span class='ocrx_word' id='word_1_126' title='bbox 100 852 135 879; x_wconf 87' lang='lat' dir='ltr'>et</span> <span class='ocrx_word' id='word_1_127' title='bbox 158 846 330 878; x_wconf 81' lang='lat' dir='ltr'>dederunt</span> <span class='ocrx_word' id='word_1_128' title='bbox 352 845 417 878; x_wconf 85' lang='lat' dir='ltr'>sibi</span> <span class='ocrx_word' id='word_1_129' title='bbox 439 850 596 889; x_wconf 81' lang='lat' dir='ltr'><strong>guastum</strong></span> <span class='ocrx_word' id='word_1_130' title='bbox 619 845 655 877; x_wconf 90' lang='lat' dir='ltr'>in</span> <span class='ocrx_word' id='word_1_131' title='bbox 678 844 948 887; x_wconf 76' lang='lat' dir='ltr'>possessionibus</span> <span class='ocrx_word' id='word_1_132' title='bbox 974 845 1042 877; x_wconf 89' lang='lat' dir='ltr'>suis</span> <span class='ocrx_word' id='word_1_133' title='bbox 1049 856 1059 883; x_wconf 74' lang='grc' dir='ltr'><strong><em>ς</em></strong></span> <span class='ocrx_word' id='word_1_134' title='bbox 1084 850 1118 877; x_wconf 87' lang='lat' dir='ltr'>et</span> <span class='ocrx_word' id='word_1_135' title='bbox 1141 844 1208 877; x_wconf 90' lang='lat' dir='ltr'>hoc</span> <span class='ocrx_word' id='word_1_136' title='bbox 1239 844 1306 876; x_wconf 83' lang='lat' dir='ltr'>fuit</span> <span class='ocrx_word' id='word_1_137' title='bbox 1334 844 1516 876; x_wconf 86' lang='lat' dir='ltr'>occasione</span> <span class='ocrx_word' id='word_1_138' title='bbox 1548 844 1666 876; x_wconf 89' lang='lat' dir='ltr'>mortis</span> <span class='ocrx_word' id='word_1_139' title='bbox 1696 843 1872 877; x_wconf 84' lang='lat' dir='ltr'>Guilielmi</span> <span class='ocrx_word' id='word_1_140' title='bbox 1904 845 1947 877; x_wconf 89' lang='lat' dir='ltr'>de</span> 
     </span>
     <span class='ocr_line' id='line_1_13' title="bbox 101 897 606 932; baseline -0.002 0"><span class='ocrx_word' id='word_1_141' title='bbox 101 898 286 932; x_wconf 77' lang='lat' dir='ltr'>Guaraldis</span> <span class='ocrx_word' id='word_1_142' title='bbox 309 898 353 931; x_wconf 91' lang='lat' dir='ltr'>de</span> <span class='ocrx_word' id='word_1_143' title='bbox 376 904 471 930; x_wconf 85' lang='lat' dir='ltr'>terra</span> <span class='ocrx_word' id='word_1_144' title='bbox 493 897 606 931; x_wconf 86' lang='lat' dir='ltr'>Centi.</span> 
     </span>
    </p>

    <p class='ocr_par' dir='ltr' id='par_1_9' title="bbox 101 949 1947 1045">
     <span class='ocr_line' id='line_1_14' title="bbox 187 949 1947 992; baseline 0 -9"><span class='ocrx_word' id='word_1_145' title='bbox 187 949 517 984; x_wconf 89' lang='lat' dir='ltr'>M.CCLXXXV11.</span> <span class='ocrx_word' id='word_1_146' title='bbox 542 969 584 975; x_wconf 91' lang='lat'>—</span> <span class='ocrx_word' id='word_1_147' title='bbox 607 951 775 984; x_wconf 84' lang='lat' dir='ltr'>Dominus</span> <span class='ocrx_word' id='word_1_148' title='bbox 796 950 1055 983; x_wconf 86' lang='lat' dir='ltr'>Bartolomaeus</span> <span class='ocrx_word' id='word_1_149' title='bbox 1078 950 1122 982; x_wconf 90' lang='lat' dir='ltr'>de</span> <span class='ocrx_word' id='word_1_150' title='bbox 1145 950 1273 982; x_wconf 83' lang='lat' dir='ltr'>Madiis</span> <span class='ocrx_word' id='word_1_151' title='bbox 1297 951 1340 982; x_wconf 90' lang='lat' dir='ltr'>de</span> <span class='ocrx_word' id='word_1_152' title='bbox 1364 950 1480 982; x_wconf 80' lang='lat' dir='ltr'>Brixia</span> <span class='ocrx_word' id='word_1_153' title='bbox 1503 949 1570 982; x_wconf 81' lang='lat' dir='ltr'>fuit</span> <span class='ocrx_word' id='word_1_154' title='bbox 1600 955 1750 992; x_wconf 88' lang='lat' dir='ltr'>potestas</span> <span class='ocrx_word' id='word_1_155' title='bbox 1772 950 1947 983; x_wconf 87' lang='lat' dir='ltr'>Bononiae</span> 
     </span>
     <span class='ocr_line' id='line_1_15' title="bbox 101 1003 1756 1045; baseline -0.001 -8"><span class='ocrx_word' id='word_1_156' title='bbox 101 1010 136 1037; x_wconf 79' lang='lat' dir='ltr'>et</span> <span class='ocrx_word' id='word_1_157' title='bbox 159 1004 282 1036; x_wconf 90' lang='lat' dir='ltr'>eodem</span> <span class='ocrx_word' id='word_1_158' title='bbox 305 1013 397 1036; x_wconf 90' lang='lat' dir='ltr'>anno</span> <span class='ocrx_word' id='word_1_159' title='bbox 419 1003 506 1036; x_wconf 80' lang='lat' dir='ltr'>facti</span> <span class='ocrx_word' id='word_1_160' title='bbox 529 1003 671 1036; x_wconf 76' lang='lat' dir='ltr'>fuerunt</span> <span class='ocrx_word' id='word_1_161' title='bbox 694 1004 782 1036; x_wconf 89' lang='lat' dir='ltr'>muri</span> <span class='ocrx_word' id='word_1_162' title='bbox 806 1015 884 1036; x_wconf 90' lang='lat' dir='ltr'>cum</span> <span class='ocrx_word' id='word_1_163' title='bbox 908 1004 1024 1036; x_wconf 86' lang='lat' dir='ltr'>merlis</span> <span class='ocrx_word' id='word_1_164' title='bbox 1047 1004 1093 1036; x_wconf 93' lang='lat' dir='ltr'>ad</span> <span class='ocrx_word' id='word_1_165' title='bbox 1116 1013 1235 1035; x_wconf 88' lang='lat' dir='ltr'>omnes</span> <span class='ocrx_word' id='word_1_166' title='bbox 1257 1009 1374 1045; x_wconf 74' lang='lat' dir='ltr'>porta·</span> <span class='ocrx_word' id='word_1_167' title='bbox 1398 1003 1547 1035; x_wconf 89' lang='lat' dir='ltr'>civitatis</span> <span class='ocrx_word' id='word_1_168' title='bbox 1570 1003 1756 1036; x_wconf 86' lang='lat' dir='ltr'>Bononiae.</span> 
     </span>
    </p>

    <p class='ocr_par' dir='ltr' id='par_1_10' title="bbox 39 1051 1950 1153">
     <span class='ocr_line' id='line_1_16' title="bbox 39 1051 1950 1100; baseline 0.001 -12"><span class='ocrx_word' id='word_1_169' title='bbox 39 1057 76 1089; x_wconf 86' lang='lat'>15</span> <span class='ocrx_word' id='word_1_170' title='bbox 190 1056 324 1090; x_wconf 85' lang='lat' dir='ltr'>Eodem</span> <span class='ocrx_word' id='word_1_171' title='bbox 348 1066 449 1088; x_wconf 86' lang='lat' dir='ltr'>anno.</span> <span class='ocrx_word' id='word_1_172' title='bbox 474 1074 516 1079; x_wconf 91' lang='lat'>—</span> <span class='ocrx_word' id='word_1_173' title='bbox 547 1056 711 1100; x_wconf 86' lang='lat' dir='ltr'>Rangoni</span> <span class='ocrx_word' id='word_1_174' title='bbox 743 1057 786 1089; x_wconf 91' lang='lat' dir='ltr'>de</span> <span class='ocrx_word' id='word_1_175' title='bbox 818 1056 956 1089; x_wconf 87' lang='lat' dir='ltr'>Mutina</span> <span class='ocrx_word' id='word_1_176' title='bbox 986 1062 1022 1088; x_wconf 91' lang='lat' dir='ltr'>et</span> <span class='ocrx_word' id='word_1_177' title='bbox 1052 1066 1132 1098; x_wconf 89' lang='lat' dir='ltr'>pars</span> <span class='ocrx_word' id='word_1_178' title='bbox 1163 1066 1224 1088; x_wconf 87' lang='lat' dir='ltr'>sua</span> <span class='ocrx_word' id='word_1_179' title='bbox 1255 1061 1290 1088; x_wconf 82' lang='lat' dir='ltr'>et</span> <span class='ocrx_word' id='word_1_180' title='bbox 1319 1056 1467 1098; x_wconf 87' lang='lat' dir='ltr'>populus</span> <span class='ocrx_word' id='word_1_181' title='bbox 1497 1051 1754 1088; x_wconf 68' lang='lat' dir='ltr'>Mutinensium&#39;</span> <span class='ocrx_word' id='word_1_182' title='bbox 1778 1057 1950 1090; x_wconf 87' lang='lat' dir='ltr'>dederunt</span> 
     </span>
     <span class='ocr_line' id='line_1_17' title="bbox 100 1108 1466 1153; baseline -0.002 -10"><span class='ocrx_word' id='word_1_183' title='bbox 100 1110 276 1143; x_wconf 81' lang='lat' dir='ltr'>civitatem</span> <span class='ocrx_word' id='word_1_184' title='bbox 299 1109 456 1142; x_wconf 88' lang='lat' dir='ltr'>Mutinae</span> <span class='ocrx_word' id='word_1_185' title='bbox 481 1109 620 1141; x_wconf 88' lang='lat' dir='ltr'>domino</span> <span class='ocrx_word' id='word_1_186' title='bbox 643 1108 816 1153; x_wconf 64' lang='lat' dir='ltr'>Oppiconi</span> <span class='ocrx_word' id='word_1_187' title='bbox 839 1110 987 1147; x_wconf 89' lang='lat' dir='ltr'>Estensi‚</span> <span class='ocrx_word' id='word_1_188' title='bbox 1012 1108 1204 1141; x_wconf 88' lang='lat' dir='ltr'>marchioni</span> <span class='ocrx_word' id='word_1_189' title='bbox 1228 1109 1272 1141; x_wconf 92' lang='lat' dir='ltr'>de</span> <span class='ocrx_word' id='word_1_190' title='bbox 1295 1109 1466 1141; x_wconf 79' lang='lat' dir='ltr'>Ferraria.</span> 
     </span>
    </p>

    <p class='ocr_par' dir='ltr' id='par_1_11' title="bbox 190 1161 1316 1204">
     <span class='ocr_line' id='line_1_18' title="bbox 190 1161 1316 1204; baseline -0.002 -9"><span class='ocrx_word' id='word_1_191' title='bbox 190 1163 325 1195; x_wconf 86' lang='lat' dir='ltr'>Eodem</span> <span class='ocrx_word' id='word_1_192' title='bbox 348 1172 450 1194; x_wconf 89' lang='lat' dir='ltr'>anno.</span> <span class='ocrx_word' id='word_1_193' title='bbox 475 1180 517 1185; x_wconf 86' lang='lat'>—</span> <span class='ocrx_word' id='word_1_194' title='bbox 540 1161 671 1195; x_wconf 86' lang='lat' dir='ltr'>Civitas</span> <span class='ocrx_word' id='word_1_195' title='bbox 693 1161 854 1204; x_wconf 89' lang='lat' dir='ltr'>Trippoli</span> <span class='ocrx_word' id='word_1_196' title='bbox 878 1167 981 1204; x_wconf 86' lang='lat' dir='ltr'>capta</span> <span class='ocrx_word' id='word_1_197' title='bbox 1002 1162 1069 1194; x_wconf 81' lang='lat' dir='ltr'>fuit</span> <span class='ocrx_word' id='word_1_198' title='bbox 1085 1171 1106 1193; x_wconf 81' lang='lat' dir='ltr'>a</span> <span class='ocrx_word' id='word_1_199' title='bbox 1122 1161 1316 1194; x_wconf 82' lang='lat' dir='ltr'>Saracenis.</span> 
     </span>
    </p>

    <p class='ocr_par' dir='ltr' id='par_1_12' title="bbox 191 1213 1848 1257">
     <span class='ocr_line' id='line_1_19' title="bbox 191 1213 1848 1257; baseline 0 -9"><span class='ocrx_word' id='word_1_200' title='bbox 191 1215 324 1248; x_wconf 89' lang='lat' dir='ltr'>Eodem</span> <span class='ocrx_word' id='word_1_201' title='bbox 348 1224 449 1247; x_wconf 92' lang='lat' dir='ltr'>anno.</span> <span class='ocrx_word' id='word_1_202' title='bbox 474 1233 515 1237; x_wconf 86' lang='lat'>-—</span> <span class='ocrx_word' id='word_1_203' title='bbox 540 1215 685 1247; x_wconf 86' lang='lat' dir='ltr'>Factum</span> <span class='ocrx_word' id='word_1_204' title='bbox 701 1214 768 1247; x_wconf 77' lang='lat' dir='ltr'>fuit</span> <span class='ocrx_word' id='word_1_205' title='bbox 784 1215 931 1256; x_wconf 89' lang='lat' dir='ltr'>primum</span> <span class='ocrx_word' id='word_1_206' title='bbox 948 1214 1184 1246; x_wconf 88' lang='lat' dir='ltr'>molendinum</span> <span class='ocrx_word' id='word_1_207' title='bbox 1209 1214 1245 1245; x_wconf 92' lang='lat' dir='ltr'>in</span> <span class='ocrx_word' id='word_1_208' title='bbox 1268 1213 1425 1246; x_wconf 87' lang='lat' dir='ltr'>Bononia</span> <span class='ocrx_word' id='word_1_209' title='bbox 1446 1214 1542 1246; x_wconf 77' lang='lat' dir='ltr'>iuxta</span> <span class='ocrx_word' id='word_1_210' title='bbox 1564 1214 1731 1257; x_wconf 85' lang='lat' dir='ltr'>Campum</span> <span class='ocrx_word' id='word_1_211' title='bbox 1756 1216 1848 1248; x_wconf 87' lang='lat' dir='ltr'>Fori.</span> 
     </span>
    </p>

    <p class='ocr_par' dir='ltr' id='par_1_13' title="bbox 189 1266 1947 1310">
     <span class='ocr_line' id='line_1_20' title="bbox 189 1266 1947 1310; baseline -0.001 -8"><span class='ocrx_word' id='word_1_212' title='bbox 189 1267 537 1302; x_wconf 57' lang='lat' dir='ltr'>MECLXXXVHI.</span> <span class='ocrx_word' id='word_1_213' title='bbox 562 1286 603 1290; x_wconf 88' lang='lat'><strong>—</strong></span> <span class='ocrx_word' id='word_1_214' title='bbox 626 1266 751 1300; x_wconf 83' lang='lat' dir='ltr'>Portus</span> <span class='ocrx_word' id='word_1_215' title='bbox 772 1267 983 1310; x_wconf 84' lang='lat' dir='ltr'>Macagnani</span> <span class='ocrx_word' id='word_1_216' title='bbox 1013 1267 1128 1299; x_wconf 82' lang='lat' dir='ltr'>factus</span> <span class='ocrx_word' id='word_1_217' title='bbox 1158 1266 1225 1299; x_wconf 80' lang='lat' dir='ltr'>fuit</span> <span class='ocrx_word' id='word_1_218' title='bbox 1256 1277 1320 1308; x_wconf 87' lang='lat' dir='ltr'>per</span> <span class='ocrx_word' id='word_1_219' title='bbox 1350 1276 1497 1299; x_wconf 88' lang='lat' dir='ltr'>comune</span> <span class='ocrx_word' id='word_1_220' title='bbox 1529 1267 1704 1300; x_wconf 87' lang='lat' dir='ltr'>Bononiae</span> <span class='ocrx_word' id='word_1_221' title='bbox 1736 1275 1770 1301; x_wconf 86' lang='lat' dir='ltr'>et</span> <span class='ocrx_word' id='word_1_222' title='bbox 1802 1278 1947 1301; x_wconf 85' lang='lat' dir='ltr'>comune</span> 
     </span>
    </p>

    <p class='ocr_par' dir='ltr' id='par_1_14' title="bbox 37 1319 1951 1406">
     <span class='ocr_line' id='line_1_21' title="bbox 37 1319 1951 1363; baseline 0 -9"><span class='ocrx_word' id='word_1_223' title='bbox 37 1323 80 1354; x_wconf 87' lang='lat'>20</span> <span class='ocrx_word' id='word_1_224' title='bbox 103 1322 280 1356; x_wconf 85' lang='lat' dir='ltr'>Bononiae</span> <span class='ocrx_word' id='word_1_225' title='bbox 303 1322 386 1354; x_wconf 80' lang='lat' dir='ltr'>emit</span> <span class='ocrx_word' id='word_1_226' title='bbox 409 1322 501 1363; x_wconf 81' lang='lat' dir='ltr'>ripas</span> <span class='ocrx_word' id='word_1_227' title='bbox 524 1321 654 1353; x_wconf 86' lang='lat' dir='ltr'>canalis</span> <span class='ocrx_word' id='word_1_228' title='bbox 675 1321 719 1353; x_wconf 86' lang='lat' dir='ltr'>ab</span> <span class='ocrx_word' id='word_1_229' title='bbox 741 1321 902 1363; x_wconf 86' lang='lat' dir='ltr'>hospitali</span> <span class='ocrx_word' id='word_1_230' title='bbox 924 1319 1124 1358; x_wconf 81' lang='lat' dir='ltr'>Bifulchae3</span> <span class='ocrx_word' id='word_1_231' title='bbox 1141 1325 1176 1352; x_wconf 88' lang='lat' dir='ltr'>et</span> <span class='ocrx_word' id='word_1_232' title='bbox 1191 1320 1416 1352; x_wconf 84' lang='lat' dir='ltr'>instrumenta</span> <span class='ocrx_word' id='word_1_233' title='bbox 1432 1325 1511 1353; x_wconf 89' lang='lat' dir='ltr'>sunt</span> <span class='ocrx_word' id='word_1_234' title='bbox 1533 1321 1578 1352; x_wconf 89' lang='lat' dir='ltr'>ad</span> <span class='ocrx_word' id='word_1_235' title='bbox 1602 1330 1772 1353; x_wconf 88' lang='lat' dir='ltr'>cameram</span> <span class='ocrx_word' id='word_1_236' title='bbox 1796 1327 1951 1354; x_wconf 85' lang='lat' dir='ltr'>actorum</span> 
     </span>
     <span class='ocr_line' id='line_1_22' title="bbox 102 1373 290 1406; baseline -0.005 0"><span class='ocrx_word' id='word_1_237' title='bbox 102 1373 290 1406; x_wconf 88' lang='lat' dir='ltr'>Bononiae.</span> 
     </span>
    </p>

    <p class='ocr_par' dir='ltr' id='par_1_15' title="bbox 190 1422 1678 1466">
     <span class='ocr_line' id='line_1_23' title="bbox 190 1422 1678 1466; baseline -0.001 -10"><span class='ocrx_word' id='word_1_238' title='bbox 190 1424 326 1457; x_wconf 86' lang='lat' dir='ltr'>Eodem</span> <span class='ocrx_word' id='word_1_239' title='bbox 348 1433 450 1456; x_wconf 79' lang='lat' dir='ltr'>anno,</span> <span class='ocrx_word' id='word_1_240' title='bbox 474 1441 515 1446; x_wconf 85' lang='lat'>—</span> <span class='ocrx_word' id='word_1_241' title='bbox 540 1422 724 1456; x_wconf 84' lang='lat' dir='ltr'>Comacius</span> <span class='ocrx_word' id='word_1_242' title='bbox 746 1423 791 1455; x_wconf 91' lang='lat' dir='ltr'>de</span> <span class='ocrx_word' id='word_1_243' title='bbox 813 1423 976 1466; x_wconf 87' lang='lat' dir='ltr'>Tignano</span> <span class='ocrx_word' id='word_1_244' title='bbox 999 1428 1156 1455; x_wconf 81' lang='lat' dir='ltr'>mortuus</span> <span class='ocrx_word' id='word_1_245' title='bbox 1178 1422 1244 1454; x_wconf 78' lang='lat' dir='ltr'>fuit</span> <span class='ocrx_word' id='word_1_246' title='bbox 1267 1432 1288 1454; x_wconf 88' lang='lat' dir='ltr'>a</span> <span class='ocrx_word' id='word_1_247' title='bbox 1311 1422 1451 1455; x_wconf 89' lang='lat' dir='ltr'>Chilino</span> <span class='ocrx_word' id='word_1_248' title='bbox 1474 1432 1535 1454; x_wconf 87' lang='lat' dir='ltr'>suo</span> <span class='ocrx_word' id='word_1_249' title='bbox 1559 1423 1678 1456; x_wconf 81' lang='lat' dir='ltr'>fratre.</span> 
     </span>
    </p>

    <p class='ocr_par' dir='ltr' id='par_1_16' title="bbox 103 1475 1953 1574">
     <span class='ocr_line' id='line_1_24' title="bbox 190 1475 1953 1510; baseline 0 0"><span class='ocrx_word' id='word_1_250' title='bbox 190 1476 555 1510; x_wconf 89' lang='lat' dir='ltr'>M.CCLXXXVIIII.</span> <span class='ocrx_word' id='word_1_251' title='bbox 582 1494 618 1499; x_wconf 91' lang='lat'>—</span> <span class='ocrx_word' id='word_1_252' title='bbox 645 1476 813 1508; x_wconf 83' lang='lat' dir='ltr'>Dominus</span> <span class='ocrx_word' id='word_1_253' title='bbox 835 1475 1041 1508; x_wconf 88' lang='lat' dir='ltr'>Lambertus</span> <span class='ocrx_word' id='word_1_254' title='bbox 1066 1476 1109 1508; x_wconf 89' lang='lat' dir='ltr'>de</span> <span class='ocrx_word' id='word_1_255' title='bbox 1126 1475 1329 1508; x_wconf 85' lang='lat' dir='ltr'>Baeelleriis</span> <span class='ocrx_word' id='word_1_256' title='bbox 1345 1476 1389 1508; x_wconf 89' lang='lat' dir='ltr'>de</span> <span class='ocrx_word' id='word_1_257' title='bbox 1413 1475 1570 1508; x_wconf 86' lang='lat' dir='ltr'>Bononia</span> <span class='ocrx_word' id='word_1_258' title='bbox 1592 1476 1658 1509; x_wconf 79' lang='lat' dir='ltr'>fuit</span> <span class='ocrx_word' id='word_1_259' title='bbox 1680 1477 1896 1510; x_wconf 81' lang='lat' dir='ltr'>strassinatus</span> <span class='ocrx_word' id='word_1_260' title='bbox 1919 1482 1953 1510; x_wconf 88' lang='lat' dir='ltr'>et</span> 
     </span>
     <span class='ocr_line' id='line_1_25' title="bbox 103 1528 1951 1574; baseline -0.001 -10"><span class='ocrx_word' id='word_1_261' title='bbox 103 1541 288 1574; x_wconf 82' lang='lat' dir='ltr'>suspensus</span> <span class='ocrx_word' id='word_1_262' title='bbox 309 1541 374 1573; x_wconf 88' lang='lat' dir='ltr'>per</span> <span class='ocrx_word' id='word_1_263' title='bbox 395 1529 521 1574; x_wconf 88' lang='lat' dir='ltr'>gulam,</span> <span class='ocrx_word' id='word_1_264' title='bbox 545 1540 587 1562; x_wconf 88' lang='lat' dir='ltr'>eo</span> <span class='ocrx_word' id='word_1_265' title='bbox 610 1530 691 1572; x_wconf 88' lang='lat' dir='ltr'>quia</span> <span class='ocrx_word' id='word_1_266' title='bbox 714 1529 822 1562; x_wconf 91' lang='lat' dir='ltr'>voluit</span> <span class='ocrx_word' id='word_1_267' title='bbox 837 1529 1035 1561; x_wconf 84' lang='lat' dir='ltr'>interficere</span> <span class='ocrx_word' id='word_1_268' title='bbox 1051 1529 1228 1560; x_wconf 88' lang='lat' dir='ltr'>dominum</span> <span class='ocrx_word' id='word_1_269' title='bbox 1245 1528 1477 1571; x_wconf 89' lang='lat' dir='ltr'>Oppicionem</span> <span class='ocrx_word' id='word_1_270' title='bbox 1501 1529 1693 1568; x_wconf 87' lang='lat' dir='ltr'>Estensem‚</span> <span class='ocrx_word' id='word_1_271' title='bbox 1717 1530 1951 1563; x_wconf 86' lang='lat' dir='ltr'>marchionem</span> 
     </span>
    </p>

    <p class='ocr_par' dir='ltr' id='par_1_17' title="bbox 0 1582 1957 2419">
     <span class='ocr_line' id='line_1_26' title="bbox 38 1582 344 1616; baseline 0 -1"><span class='ocrx_word' id='word_1_272' title='bbox 38 1582 80 1615; x_wconf 85' lang='lat'>25</span> <span class='ocrx_word' id='word_1_273' title='bbox 105 1584 149 1616; x_wconf 93' lang='lat' dir='ltr'>de</span> <span class='ocrx_word' id='word_1_274' title='bbox 173 1583 344 1616; x_wconf 87' lang='lat' dir='ltr'>Ferraria.</span> 
     </span>
     <span class='ocr_line' id='line_1_27' title="bbox 192 1634 1951 1678; baseline 0 -10"><span class='ocrx_word' id='word_1_275' title='bbox 192 1636 327 1669; x_wconf 88' lang='lat' dir='ltr'>Eodem</span> <span class='ocrx_word' id='word_1_276' title='bbox 350 1645 452 1668; x_wconf 82' lang='lat' dir='ltr'>anno.</span> <span class='ocrx_word' id='word_1_277' title='bbox 476 1652 518 1657; x_wconf 85' lang='lat'>—-</span> <span class='ocrx_word' id='word_1_278' title='bbox 541 1635 622 1678; x_wconf 87' lang='lat' dir='ltr'>Fuit</span> <span class='ocrx_word' id='word_1_279' title='bbox 644 1645 761 1667; x_wconf 89' lang='lat' dir='ltr'>rumor</span> <span class='ocrx_word' id='word_1_280' title='bbox 782 1635 819 1667; x_wconf 88' lang='lat' dir='ltr'>in</span> <span class='ocrx_word' id='word_1_281' title='bbox 841 1635 998 1667; x_wconf 86' lang='lat' dir='ltr'>Bononia</span> <span class='ocrx_word' id='word_1_282' title='bbox 1025 1644 1066 1667; x_wconf 89' lang='lat' dir='ltr'>eo</span> <span class='ocrx_word' id='word_1_283' title='bbox 1097 1635 1178 1677; x_wconf 84' lang='lat' dir='ltr'>quia</span> <span class='ocrx_word' id='word_1_284' title='bbox 1208 1640 1359 1676; x_wconf 83' lang='lat' dir='ltr'>potestas</span> <span class='ocrx_word' id='word_1_285' title='bbox 1382 1634 1521 1667; x_wconf 86' lang='lat' dir='ltr'>nolebat</span> <span class='ocrx_word' id='word_1_286' title='bbox 1545 1641 1635 1668; x_wconf 85' lang='lat' dir='ltr'>stare</span> <span class='ocrx_word' id='word_1_287' title='bbox 1658 1636 1704 1668; x_wconf 89' lang='lat' dir='ltr'>ad</span> <span class='ocrx_word' id='word_1_288' title='bbox 1727 1636 1951 1673; x_wconf 89' lang='lat' dir='ltr'>sindicatum;</span> 
     </span>
     <span class='ocr_line' id='line_1_28' title="bbox 106 1686 1953 1733; baseline -0.001 -12"><span class='ocrx_word' id='word_1_289' title='bbox 106 1695 140 1722; x_wconf 87' lang='lat' dir='ltr'>et</span> <span class='ocrx_word' id='word_1_290' title='bbox 163 1689 246 1721; x_wconf 90' lang='lat' dir='ltr'>dum</span> <span class='ocrx_word' id='word_1_291' title='bbox 269 1688 437 1721; x_wconf 88' lang='lat' dir='ltr'>recedere</span> <span class='ocrx_word' id='word_1_292' title='bbox 462 1687 568 1720; x_wconf 88' lang='lat' dir='ltr'>vellet</span> <span class='ocrx_word' id='word_1_293' title='bbox 590 1688 635 1720; x_wconf 85' lang='lat' dir='ltr'>de</span> <span class='ocrx_word' id='word_1_294' title='bbox 666 1687 832 1725; x_wconf 84' lang='lat' dir='ltr'>Bononia,</span> <span class='ocrx_word' id='word_1_295' title='bbox 863 1686 1010 1730; x_wconf 82' lang='lat' dir='ltr'>projecti</span> <span class='ocrx_word' id='word_1_296' title='bbox 1042 1687 1183 1719; x_wconf 80' lang='lat' dir='ltr'>fuerunt</span> <span class='ocrx_word' id='word_1_297' title='bbox 1213 1686 1279 1719; x_wconf 84' lang='lat' dir='ltr'>sibi</span> <span class='ocrx_word' id='word_1_298' title='bbox 1310 1687 1407 1719; x_wconf 89' lang='lat' dir='ltr'>multi</span> <span class='ocrx_word' id='word_1_299' title='bbox 1438 1687 1572 1729; x_wconf 90' lang='lat' dir='ltr'>lapides</span> <span class='ocrx_word' id='word_1_300' title='bbox 1603 1694 1638 1721; x_wconf 88' lang='lat' dir='ltr'>et</span> <span class='ocrx_word' id='word_1_301' title='bbox 1668 1688 1735 1721; x_wconf 78' lang='lat' dir='ltr'>fuit</span> <span class='ocrx_word' id='word_1_302' title='bbox 1761 1689 1798 1720; x_wconf 90' lang='lat' dir='ltr'>in</span> <span class='ocrx_word' id='word_1_303' title='bbox 1828 1692 1953 1733; x_wconf 78' lang='lat' dir='ltr'>ma‘gno</span> 
     </span>
     <span class='ocr_line' id='line_1_29' title="bbox 105 1740 1954 1784; baseline 0 -10"><span class='ocrx_word' id='word_1_304' title='bbox 105 1742 262 1784; x_wconf 86' lang='lat' dir='ltr'>periculo</span> <span class='ocrx_word' id='word_1_305' title='bbox 286 1742 413 1774; x_wconf 87' lang='lat' dir='ltr'>mortis.</span> <span class='ocrx_word' id='word_1_306' title='bbox 459 1741 594 1773; x_wconf 85' lang='lat' dir='ltr'>Tamen</span> <span class='ocrx_word' id='word_1_307' title='bbox 618 1741 762 1773; x_wconf 84' lang='lat' dir='ltr'>recessit</span> <span class='ocrx_word' id='word_1_308' title='bbox 784 1746 818 1772; x_wconf 86' lang='lat' dir='ltr'>et</span> <span class='ocrx_word' id='word_1_309' title='bbox 841 1740 982 1773; x_wconf 85' lang='lat' dir='ltr'>sotiatus</span> <span class='ocrx_word' id='word_1_310' title='bbox 1006 1740 1072 1772; x_wconf 80' lang='lat' dir='ltr'>fuit</span> <span class='ocrx_word' id='word_1_311' title='bbox 1094 1750 1201 1783; x_wconf 87' lang='lat' dir='ltr'>usque</span> <span class='ocrx_word' id='word_1_312' title='bbox 1226 1740 1271 1772; x_wconf 86' lang='lat' dir='ltr'>ad</span> <span class='ocrx_word' id='word_1_313' title='bbox 1294 1746 1434 1782; x_wconf 89' lang='lat' dir='ltr'>pontem</span> <span class='ocrx_word' id='word_1_314' title='bbox 1466 1741 1560 1773; x_wconf 90' lang='lat' dir='ltr'>Reni</span> <span class='ocrx_word' id='word_1_315' title='bbox 1584 1747 1618 1773; x_wconf 89' lang='lat' dir='ltr'>et</span> <span class='ocrx_word' id='word_1_316' title='bbox 1642 1741 1772 1774; x_wconf 82' lang='lat' dir='ltr'>familia</span> <span class='ocrx_word' id='word_1_317' title='bbox 1804 1752 1865 1774; x_wconf 88' lang='lat' dir='ltr'>sua</span> <span class='ocrx_word' id='word_1_318' title='bbox 1888 1742 1954 1774; x_wconf 78' lang='lat' dir='ltr'>fuit</span> 
     </span>
     <span class='ocr_line' id='line_1_30' title="bbox 0 1793 1284 1841; baseline -0.002 -13"><span class='ocrx_word' id='word_1_319' title='bbox 0 1835 2 1841; x_wconf 36' lang='grc' dir='ltr'>Ι</span> <span class='ocrx_word' id='word_1_320' title='bbox 106 1795 258 1828; x_wconf 80' lang='lat' dir='ltr'>detenta.</span> <span class='ocrx_word' id='word_1_321' title='bbox 281 1795 416 1827; x_wconf 84' lang='lat' dir='ltr'>Tamen</span> <span class='ocrx_word' id='word_1_322' title='bbox 438 1804 558 1827; x_wconf 88' lang='lat' dir='ltr'>omnes</span> <span class='ocrx_word' id='word_1_323' title='bbox 579 1794 722 1826; x_wconf 77' lang='lat' dir='ltr'>fuerunt</span> <span class='ocrx_word' id='word_1_324' title='bbox 744 1799 865 1836; x_wconf 85' lang='lat' dir='ltr'>postea</span> <span class='ocrx_word' id='word_1_325' title='bbox 887 1793 1035 1826; x_wconf 84' lang='lat' dir='ltr'>absoluti</span> <span class='ocrx_word' id='word_1_326' title='bbox 1057 1804 1078 1825; x_wconf 84' lang='lat' dir='ltr'>a</span> <span class='ocrx_word' id='word_1_327' title='bbox 1101 1794 1284 1826; x_wconf 87' lang='lat' dir='ltr'>sindicatu.</span> 
     </span>
     <span class='ocr_line' id='line_1_31' title="bbox 0 1846 1951 1890; baseline -0.001 -9"><span class='ocrx_word' id='word_1_328' title='bbox 0 1846 7 1889; x_wconf 67' lang='grc' dir='ltr'>ξ</span> <span class='ocrx_word' id='word_1_329' title='bbox 40 1849 83 1880; x_wconf 89' lang='grc'>30</span> <span class='ocrx_word' id='word_1_330' title='bbox 192 1846 488 1881; x_wconf 88' lang='lat' dir='ltr'>M.CCLXXXX.</span> <span class='ocrx_word' id='word_1_331' title='bbox 506 1865 548 1870; x_wconf 97' lang='lat'><strong>—</strong></span> <span class='ocrx_word' id='word_1_332' title='bbox 564 1846 732 1879; x_wconf 79' lang='lat' dir='ltr'>Dominus</span> <span class='ocrx_word' id='word_1_333' title='bbox 754 1846 960 1890; x_wconf 87' lang='lat' dir='ltr'>Raynaldus</span> <span class='ocrx_word' id='word_1_334' title='bbox 976 1847 1020 1878; x_wconf 89' lang='lat' dir='ltr'>de</span> <span class='ocrx_word' id='word_1_335' title='bbox 1038 1846 1265 1879; x_wconf 84' lang='lat' dir='ltr'>Cancelleriis</span> <span class='ocrx_word' id='word_1_336' title='bbox 1282 1846 1326 1878; x_wconf 89' lang='lat' dir='ltr'>de</span> <span class='ocrx_word' id='word_1_337' title='bbox 1343 1846 1488 1879; x_wconf 84' lang='lat' dir='ltr'>Pistorio</span> <span class='ocrx_word' id='word_1_338' title='bbox 1513 1847 1579 1880; x_wconf 83' lang='lat' dir='ltr'>fuit</span> <span class='ocrx_word' id='word_1_339' title='bbox 1601 1853 1752 1890; x_wconf 87' lang='lat' dir='ltr'>potestas</span> <span class='ocrx_word' id='word_1_340' title='bbox 1775 1848 1951 1880; x_wconf 88' lang='lat' dir='ltr'>Bononiae</span> 
     </span>
     <span class='ocr_line' id='line_1_32' title="bbox 0 1892 1209 1979; baseline -0.002 -45"><span class='ocrx_word' id='word_1_341' title='bbox 0 1892 7 1979; x_wconf 56' lang='grc' dir='ltr'>ἑ</span> <span class='ocrx_word' id='word_1_342' title='bbox 106 1906 141 1934; x_wconf 88' lang='lat' dir='ltr'>et</span> <span class='ocrx_word' id='word_1_343' title='bbox 163 1901 397 1934; x_wconf 85' lang='lat' dir='ltr'>Bernardinus</span> <span class='ocrx_word' id='word_1_344' title='bbox 420 1900 464 1932; x_wconf 91' lang='lat' dir='ltr'>de</span> <span class='ocrx_word' id='word_1_345' title='bbox 488 1899 617 1932; x_wconf 87' lang='lat' dir='ltr'>Scottis</span> <span class='ocrx_word' id='word_1_346' title='bbox 639 1899 684 1932; x_wconf 92' lang='lat' dir='ltr'>de</span> <span class='ocrx_word' id='word_1_347' title='bbox 707 1899 888 1932; x_wconf 83' lang='lat' dir='ltr'>Placentia</span> <span class='ocrx_word' id='word_1_348' title='bbox 909 1899 976 1931; x_wconf 82' lang='lat' dir='ltr'>fuit</span> <span class='ocrx_word' id='word_1_349' title='bbox 999 1900 1209 1941; x_wconf 81' lang='lat' dir='ltr'>capitaneus.</span> 
     </span>
     <span class='ocr_line' id='line_1_33' title="bbox 5 1951 1807 1995; baseline 0.001 -9"><span class='ocrx_word' id='word_1_350' title='bbox 5 1956 7 1961; x_wconf 91' lang='grc'><strong>’</strong></span> <span class='ocrx_word' id='word_1_351' title='bbox 195 1954 330 1987; x_wconf 89' lang='lat' dir='ltr'>Eodem</span> <span class='ocrx_word' id='word_1_352' title='bbox 361 1962 463 1992; x_wconf 82' lang='lat' dir='ltr'>anno,</span> <span class='ocrx_word' id='word_1_353' title='bbox 488 1953 545 1985; x_wconf 89' lang='lat' dir='ltr'>die</span> <span class='ocrx_word' id='word_1_354' title='bbox 576 1952 697 1985; x_wconf 82' lang='lat' dir='ltr'>ultimo</span> <span class='ocrx_word' id='word_1_355' title='bbox 719 1951 805 1995; x_wconf 73' lang='lat' dir='ltr'>julii.</span> <span class='ocrx_word' id='word_1_356' title='bbox 833 1970 869 1976; x_wconf 87' lang='lat'><em>-</em></span> <span class='ocrx_word' id='word_1_357' title='bbox 895 1953 1027 1984; x_wconf 88' lang='lat' dir='ltr'>Domus</span> <span class='ocrx_word' id='word_1_358' title='bbox 1049 1952 1195 1985; x_wconf 80' lang='lat' dir='ltr'>Heni-ici</span> <span class='ocrx_word' id='word_1_359' title='bbox 1219 1953 1263 1985; x_wconf 87' lang='lat' dir='ltr'>de</span> <span class='ocrx_word' id='word_1_360' title='bbox 1286 1952 1514 1995; x_wconf 74' lang='lat' dir='ltr'>Mecovilanis</span> <span class='ocrx_word' id='word_1_361' title='bbox 1537 1954 1603 1987; x_wconf 80' lang='lat' dir='ltr'>fuit</span> <span class='ocrx_word' id='word_1_362' title='bbox 1619 1954 1807 1987; x_wconf 88' lang='lat' dir='ltr'>combusta.</span> 
     </span>
     <span class='ocr_line' id='line_1_34' title="bbox 0 1981 1954 2049; baseline -0.001 -7"><span class='ocrx_word' id='word_1_363' title='bbox 0 1981 8 2042; x_wconf 58' lang='lat' dir='ltr'>i</span> <span class='ocrx_word' id='word_1_364' title='bbox 196 2008 329 2041; x_wconf 86' lang='lat' dir='ltr'>Eodem</span> <span class='ocrx_word' id='word_1_365' title='bbox 353 2016 454 2039; x_wconf 90' lang='lat' dir='ltr'>anno.</span> <span class='ocrx_word' id='word_1_366' title='bbox 479 2024 521 2029; x_wconf 91' lang='lat'>—</span> <span class='ocrx_word' id='word_1_367' title='bbox 545 2005 677 2038; x_wconf 83' lang='lat' dir='ltr'>Stasius</span> <span class='ocrx_word' id='word_1_368' title='bbox 699 2011 734 2038; x_wconf 90' lang='lat' dir='ltr'>et</span> <span class='ocrx_word' id='word_1_369' title='bbox 757 2006 967 2038; x_wconf 83' lang='lat' dir='ltr'>Rambertus</span> <span class='ocrx_word' id='word_1_370' title='bbox 993 2006 1124 2037; x_wconf 87' lang='lat' dir='ltr'>domini</span> <span class='ocrx_word' id='word_1_371' title='bbox 1156 2006 1326 2038; x_wconf 77' lang='lat' dir='ltr'>Gnidonis</span> <span class='ocrx_word' id='word_1_372' title='bbox 1349 2007 1393 2038; x_wconf 91' lang='lat' dir='ltr'>de</span> <span class='ocrx_word' id='word_1_373' title='bbox 1417 2005 1562 2039; x_wconf 89' lang='lat' dir='ltr'>Polenta</span> <span class='ocrx_word' id='word_1_374' title='bbox 1586 2013 1754 2049; x_wconf 88' lang='lat' dir='ltr'>ceperunt</span> <span class='ocrx_word' id='word_1_375' title='bbox 1778 2008 1954 2040; x_wconf 88' lang='lat' dir='ltr'>dominum</span> 
     </span>
     <span class='ocr_line' id='line_1_35' title="bbox 0 2052 1304 2098; baseline -0.003 -4"><span class='ocrx_word' id='word_1_376' title='bbox 0 2052 5 2077; x_wconf 63' lang='lat'>⁵</span> <span class='ocrx_word' id='word_1_377' title='bbox 109 2061 290 2094; x_wconf 74' lang='lat' dir='ltr'>Stefanum</span> <span class='ocrx_word' id='word_1_378' title='bbox 314 2060 359 2093; x_wconf 88' lang='lat' dir='ltr'>de</span> <span class='ocrx_word' id='word_1_379' title='bbox 375 2059 543 2098; x_wconf 87' lang='lat' dir='ltr'>Colonna,</span> <span class='ocrx_word' id='word_1_380' title='bbox 566 2059 728 2091; x_wconf 86' lang='lat' dir='ltr'>comitem</span> <span class='ocrx_word' id='word_1_381' title='bbox 759 2058 1024 2096; x_wconf 81' lang='lat' dir='ltr'>Romandiolae,</span> <span class='ocrx_word' id='word_1_382' title='bbox 1049 2065 1083 2091; x_wconf 85' lang='lat' dir='ltr'>et</span> <span class='ocrx_word' id='word_1_383' title='bbox 1106 2058 1194 2091; x_wconf 88' lang='lat' dir='ltr'>filios</span> <span class='ocrx_word' id='word_1_384' title='bbox 1216 2068 1304 2091; x_wconf 88' lang='lat' dir='ltr'>suos.</span> 
     </span>
     <span class='ocr_line' id='line_1_36' title="bbox 0 2080 1956 2156; baseline -0.001 -9"><span class='ocrx_word' id='word_1_385' title='bbox 0 2080 8 2148; x_wconf 52' lang='grc' dir='ltr'>ἑ</span> <span class='ocrx_word' id='word_1_386' title='bbox 42 2113 84 2146; x_wconf 82' lang='grc'>35</span> <span class='ocrx_word' id='word_1_387' title='bbox 163 2135 165 2138; x_wconf 86' lang='lat'><em>.</em></span> <span class='ocrx_word' id='word_1_388' title='bbox 196 2114 331 2147; x_wconf 88' lang='lat' dir='ltr'>Eodem</span> <span class='ocrx_word' id='word_1_389' title='bbox 362 2123 463 2146; x_wconf 78' lang='lat' dir='ltr'>anno,</span> <span class='ocrx_word' id='word_1_390' title='bbox 488 2131 530 2135; x_wconf 86' lang='lat'><strong>—</strong></span> <span class='ocrx_word' id='word_1_391' title='bbox 553 2113 721 2145; x_wconf 85' lang='lat' dir='ltr'>Dominus</span> <span class='ocrx_word' id='word_1_392' title='bbox 743 2111 953 2156; x_wconf 84' lang='lat' dir='ltr'>Peregrinus</span> <span class='ocrx_word' id='word_1_393' title='bbox 978 2113 1021 2144; x_wconf 89' lang='lat' dir='ltr'>de</span> <span class='ocrx_word' id='word_1_394' title='bbox 1046 2111 1275 2156; x_wconf 73' lang='lat' dir='ltr'>Symopicolis</span> <span class='ocrx_word' id='word_1_395' title='bbox 1299 2112 1364 2145; x_wconf 82' lang='lat' dir='ltr'>fuit</span> <span class='ocrx_word' id='word_1_396' title='bbox 1391 2114 1505 2146; x_wconf 77' lang='lat' dir='ltr'>factus</span> <span class='ocrx_word' id='word_1_397' title='bbox 1527 2114 1624 2146; x_wconf 82' lang='lat' dir='ltr'>miles</span> <span class='ocrx_word' id='word_1_398' title='bbox 1655 2120 1689 2147; x_wconf 90' lang='lat' dir='ltr'>et</span> <span class='ocrx_word' id='word_1_399' title='bbox 1713 2115 1871 2146; x_wconf 85' lang='lat' dir='ltr'>dominus</span> <span class='ocrx_word' id='word_1_400' title='bbox 1894 2113 1956 2145; x_wconf 85' lang='lat' dir='ltr'>Al-</span> 
     </span>
     <span class='ocr_line' id='line_1_37' title="bbox 0 2158 1955 2208; baseline -0.001 -8"><span class='ocrx_word' id='word_1_401' title='bbox 0 2158 7 2200; x_wconf 50' lang='lat' dir='ltr'>l</span> <span class='ocrx_word' id='word_1_402' title='bbox 108 2167 256 2206; x_wconf 71' lang='lat' dir='ltr'>bericus,</span> <span class='ocrx_word' id='word_1_403' title='bbox 280 2177 360 2199; x_wconf 88' lang='lat' dir='ltr'>suus</span> <span class='ocrx_word' id='word_1_404' title='bbox 381 2172 491 2208; x_wconf 89' lang='lat' dir='ltr'>pater,</span> <span class='ocrx_word' id='word_1_405' title='bbox 509 2166 616 2198; x_wconf 83' lang='lat' dir='ltr'>cinxit</span> <span class='ocrx_word' id='word_1_406' title='bbox 638 2165 704 2198; x_wconf 87' lang='lat' dir='ltr'>sibi</span> <span class='ocrx_word' id='word_1_407' title='bbox 719 2171 851 2207; x_wconf 78' lang='lat' dir='ltr'>spatam</span> <span class='ocrx_word' id='word_1_408' title='bbox 874 2171 909 2198; x_wconf 89' lang='lat' dir='ltr'>et</span> <span class='ocrx_word' id='word_1_409' title='bbox 932 2165 1090 2197; x_wconf 81' lang='lat' dir='ltr'>dominus</span> <span class='ocrx_word' id='word_1_410' title='bbox 1112 2164 1276 2198; x_wconf 82' lang='lat' dir='ltr'>Albertus</span> <span class='ocrx_word' id='word_1_411' title='bbox 1293 2166 1336 2198; x_wconf 89' lang='lat' dir='ltr'>de</span> <span class='ocrx_word' id='word_1_412' title='bbox 1359 2165 1524 2199; x_wconf 88' lang='lat' dir='ltr'>Asinellis</span> <span class='ocrx_word' id='word_1_413' title='bbox 1540 2173 1574 2200; x_wconf 96' lang='lat' dir='ltr'>et</span> <span class='ocrx_word' id='word_1_414' title='bbox 1598 2168 1756 2200; x_wconf 89' lang='lat' dir='ltr'>dominus</span> <span class='ocrx_word' id='word_1_415' title='bbox 1771 2166 1894 2200; x_wconf 88' lang='lat' dir='ltr'>Petrus</span> <span class='ocrx_word' id='word_1_416' title='bbox 1911 2168 1955 2199; x_wconf 91' lang='lat' dir='ltr'>de</span> 
     </span>
     <span class='ocr_line' id='line_1_38' title="bbox 0 2205 1312 2260; baseline -0.004 -6"><span class='ocrx_word' id='word_1_417' title='bbox 0 2205 5 2225; x_wconf 50' lang='grc' dir='ltr'>ἰ</span> <span class='ocrx_word' id='word_1_418' title='bbox 109 2220 281 2255; x_wconf 90' lang='lat' dir='ltr'>Frullanis</span> <span class='ocrx_word' id='word_1_419' title='bbox 303 2219 347 2252; x_wconf 88' lang='lat' dir='ltr'>de</span> <span class='ocrx_word' id='word_1_420' title='bbox 370 2219 527 2251; x_wconf 82' lang='lat' dir='ltr'>Bononia</span> <span class='ocrx_word' id='word_1_421' title='bbox 549 2223 738 2260; x_wconf 88' lang='lat' dir='ltr'>posuerunt</span> <span class='ocrx_word' id='word_1_422' title='bbox 760 2218 826 2250; x_wconf 89' lang='lat' dir='ltr'>sibi</span> <span class='ocrx_word' id='word_1_423' title='bbox 849 2228 1023 2260; x_wconf 88' lang='lat' dir='ltr'>sperones.</span> <span class='ocrx_word' id='word_1_424' title='bbox 1309 2256 1312 2259; x_wconf 17' lang='grc' dir='ltr'><strong>Γ</strong></span> 
     </span>
     <span class='ocr_line' id='line_1_39' title="bbox 0 2244 1957 2319; baseline 0 -16"><span class='ocrx_word' id='word_1_425' title='bbox 0 2244 7 2319; x_wconf 54' lang='grc' dir='ltr'><em>ξ</em></span> <span class='ocrx_word' id='word_1_426' title='bbox 197 2271 331 2303; x_wconf 90' lang='lat' dir='ltr'>Eodem</span> <span class='ocrx_word' id='word_1_427' title='bbox 355 2280 457 2302; x_wconf 89' lang='lat' dir='ltr'>anno.</span> <span class='ocrx_word' id='word_1_428' title='bbox 481 2287 522 2293; x_wconf 87' lang='lat'>—</span> <span class='ocrx_word' id='word_1_429' title='bbox 547 2269 705 2302; x_wconf 87' lang='lat' dir='ltr'>Castrum</span> <span class='ocrx_word' id='word_1_430' title='bbox 737 2268 828 2301; x_wconf 85' lang='lat' dir='ltr'>Gissi</span> <span class='ocrx_word' id='word_1_431' title='bbox 858 2275 893 2301; x_wconf 87' lang='lat' dir='ltr'>et</span> <span class='ocrx_word' id='word_1_432' title='bbox 922 2269 1036 2301; x_wconf 86' lang='lat' dir='ltr'>omnia</span> <span class='ocrx_word' id='word_1_433' title='bbox 1062 2269 1153 2302; x_wconf 86' lang='lat' dir='ltr'>bona</span> <span class='ocrx_word' id='word_1_434' title='bbox 1180 2270 1310 2302; x_wconf 88' lang='lat' dir='ltr'>domini</span> <span class='ocrx_word' id='word_1_435' title='bbox 1341 2270 1487 2314; x_wconf 86' lang='lat' dir='ltr'>Laigoni</span> <span class='ocrx_word' id='word_1_436' title='bbox 1519 2271 1563 2303; x_wconf 93' lang='lat' dir='ltr'>de</span> <span class='ocrx_word' id='word_1_437' title='bbox 1596 2271 1696 2303; x_wconf 88' lang='lat' dir='ltr'>Gisso</span> <span class='ocrx_word' id='word_1_438' title='bbox 1726 2271 1868 2303; x_wconf 80' lang='lat' dir='ltr'>fuerunt</span> <span class='ocrx_word' id='word_1_439' title='bbox 1896 2272 1957 2304; x_wconf 89' lang='lat' dir='ltr'>de-</span> 
     </span>
     <span class='ocr_line' id='line_1_40' title="bbox 0 2318 1956 2372; baseline -0.001 -14"><span class='ocrx_word' id='word_1_440' title='bbox 0 2318 10 2372; x_wconf 54' lang='grc' dir='ltr'>ἱἼῚ</span> <span class='ocrx_word' id='word_1_441' title='bbox 110 2330 240 2357; x_wconf 82' lang='lat' dir='ltr'>structa</span> <span class='ocrx_word' id='word_1_442' title='bbox 263 2330 333 2357; x_wconf 84' lang='lat' dir='ltr'>tam</span> <span class='ocrx_word' id='word_1_443' title='bbox 355 2324 392 2355; x_wconf 90' lang='lat' dir='ltr'>in</span> <span class='ocrx_word' id='word_1_444' title='bbox 415 2323 573 2355; x_wconf 82' lang='lat' dir='ltr'>Bononia</span> <span class='ocrx_word' id='word_1_445' title='bbox 595 2333 698 2365; x_wconf 90' lang='lat' dir='ltr'>quam</span> <span class='ocrx_word' id='word_1_446' title='bbox 720 2323 757 2354; x_wconf 88' lang='lat' dir='ltr'>in</span> <span class='ocrx_word' id='word_1_447' title='bbox 782 2323 955 2361; x_wconf 80' lang='lat' dir='ltr'>comitatu,</span> <span class='ocrx_word' id='word_1_448' title='bbox 980 2323 1162 2355; x_wconf 88' lang='lat' dir='ltr'>occasione</span> <span class='ocrx_word' id='word_1_449' title='bbox 1186 2323 1364 2355; x_wconf 88' lang='lat' dir='ltr'>homicidii</span> <span class='ocrx_word' id='word_1_450' title='bbox 1389 2324 1559 2356; x_wconf 87' lang='lat' dir='ltr'>commissi</span> <span class='ocrx_word' id='word_1_451' title='bbox 1582 2334 1647 2367; x_wconf 91' lang='lat' dir='ltr'>per</span> <span class='ocrx_word' id='word_1_452' title='bbox 1668 2324 1862 2363; x_wconf 90' lang='lat' dir='ltr'>Albertum,</span> <span class='ocrx_word' id='word_1_453' title='bbox 1882 2324 1956 2367; x_wconf 81' lang='lat' dir='ltr'>ejus</span> 
     </span>
     <span class='ocr_line' id='line_1_41' title="bbox 44 2375 978 2419; baseline -0.003 -9"><span class='ocrx_word' id='word_1_454' title='bbox 44 2379 87 2410; x_wconf 81' lang='lat'>40</span> <span class='ocrx_word' id='word_1_455' title='bbox 109 2377 227 2415; x_wconf 78' lang='lat' dir='ltr'>filium,</span> <span class='ocrx_word' id='word_1_456' title='bbox 250 2377 286 2409; x_wconf 91' lang='lat' dir='ltr'>in</span> <span class='ocrx_word' id='word_1_457' title='bbox 308 2386 492 2419; x_wconf 87' lang='lat' dir='ltr'>personam</span> <span class='ocrx_word' id='word_1_458' title='bbox 515 2375 694 2408; x_wconf 84' lang='lat' dir='ltr'>Tomasini</span> <span class='ocrx_word' id='word_1_459' title='bbox 718 2375 762 2407; x_wconf 88' lang='lat' dir='ltr'>de</span> <span class='ocrx_word' id='word_1_460' title='bbox 787 2375 898 2407; x_wconf 89' lang='lat' dir='ltr'>Gisso.</span> <span class='ocrx_word' id='word_1_461' title='bbox 975 2379 978 2382; x_wconf 62' lang='lat'><strong>⁴</strong></span> 
     </span>
    </p>

    <p class='ocr_par' dir='ltr' id='par_1_18' title="bbox 112 2428 1958 2523">
     <span class='ocr_line' id='line_1_42' title="bbox 198 2428 1958 2471; baseline 0 -9"><span class='ocrx_word' id='word_1_462' title='bbox 198 2429 334 2462; x_wconf 82' lang='lat' dir='ltr'>Eodem</span> <span class='ocrx_word' id='word_1_463' title='bbox 356 2438 459 2461; x_wconf 84' lang='lat' dir='ltr'>anno.</span> <span class='ocrx_word' id='word_1_464' title='bbox 482 2446 524 2450; x_wconf 97' lang='lat'><strong>—</strong></span> <span class='ocrx_word' id='word_1_465' title='bbox 547 2428 782 2460; x_wconf 87' lang='lat' dir='ltr'>Bononienses</span> <span class='ocrx_word' id='word_1_466' title='bbox 806 2434 974 2470; x_wconf 83' lang='lat' dir='ltr'>ceperunt</span> <span class='ocrx_word' id='word_1_467' title='bbox 997 2428 1139 2460; x_wconf 86' lang='lat' dir='ltr'>Imolam</span> <span class='ocrx_word' id='word_1_468' title='bbox 1163 2434 1198 2461; x_wconf 87' lang='lat' dir='ltr'>et</span> <span class='ocrx_word' id='word_1_469' title='bbox 1221 2429 1466 2471; x_wconf 80' lang='lat' dir='ltr'>splanaverunt</span> <span class='ocrx_word' id='word_1_470' title='bbox 1497 2429 1617 2462; x_wconf 77' lang='lat' dir='ltr'>foveas</span> <span class='ocrx_word' id='word_1_471' title='bbox 1648 2435 1683 2462; x_wconf 90' lang='lat' dir='ltr'>et</span> <span class='ocrx_word' id='word_1_472' title='bbox 1705 2439 1824 2462; x_wconf 90' lang='lat' dir='ltr'>omnes</span> <span class='ocrx_word' id='word_1_473' title='bbox 1847 2435 1958 2463; x_wconf 86' lang='lat' dir='ltr'>turres</span> 
     </span>
     <span class='ocr_line' id='line_1_43' title="bbox 112 2491 228 2523; baseline 0 -9"><span class='ocrx_word' id='word_1_474' title='bbox 112 2491 228 2523; x_wconf 70' lang='lat' dir='ltr'>»psius-</span> 
     </span>
    </p>

    <p class='ocr_par' dir='ltr' id='par_1_19' title="bbox 9 2529 1959 2738">
     <span class='ocr_line' id='line_1_44' title="bbox 198 2529 1957 2575; baseline 0 -11"><span class='ocrx_word' id='word_1_475' title='bbox 198 2530 511 2565; x_wconf 89' lang='lat' dir='ltr'>M.CCLXXXXI.</span> <span class='ocrx_word' id='word_1_476' title='bbox 536 2549 577 2554; x_wconf 93' lang='lat'><strong>—</strong></span> <span class='ocrx_word' id='word_1_477' title='bbox 600 2531 767 2564; x_wconf 82' lang='lat' dir='ltr'>Dominus</span> <span class='ocrx_word' id='word_1_478' title='bbox 796 2529 970 2564; x_wconf 83' lang='lat' dir='ltr'>Antonius</span> <span class='ocrx_word' id='word_1_479' title='bbox 1000 2531 1043 2564; x_wconf 85' lang='lat' dir='ltr'>de</span> <span class='ocrx_word' id='word_1_480' title='bbox 1075 2532 1249 2575; x_wconf 79' lang='lat' dir='ltr'>Fosarago</span> <span class='ocrx_word' id='word_1_481' title='bbox 1279 2532 1345 2565; x_wconf 79' lang='lat' dir='ltr'>fuit</span> <span class='ocrx_word' id='word_1_482' title='bbox 1376 2538 1527 2574; x_wconf 85' lang='lat' dir='ltr'>potestas</span> <span class='ocrx_word' id='word_1_483' title='bbox 1557 2532 1743 2564; x_wconf 85' lang='lat' dir='ltr'>Bononiae.</span> <span class='ocrx_word' id='word_1_484' title='bbox 1791 2532 1957 2565; x_wconf 86' lang='lat' dir='ltr'>Dominus</span> 
     </span>
     <span class='ocr_line' id='line_1_45' title="bbox 111 2584 1177 2627; baseline 0.001 -10"><span class='ocrx_word' id='word_1_485' title='bbox 111 2584 285 2619; x_wconf 72' lang='lat' dir='ltr'>Maffaeus</span> <span class='ocrx_word' id='word_1_486' title='bbox 308 2585 352 2618; x_wconf 88' lang='lat' dir='ltr'>de</span> <span class='ocrx_word' id='word_1_487' title='bbox 375 2584 505 2617; x_wconf 69' lang='lat' dir='ltr'>Mediis</span> <span class='ocrx_word' id='word_1_488' title='bbox 527 2585 570 2617; x_wconf 77' lang='lat' dir='ltr'>de</span> <span class='ocrx_word' id='word_1_489' title='bbox 594 2585 711 2617; x_wconf 87' lang='lat' dir='ltr'>Brixia</span> <span class='ocrx_word' id='word_1_490' title='bbox 733 2584 801 2617; x_wconf 81' lang='lat' dir='ltr'>fuit</span> <span class='ocrx_word' id='word_1_491' title='bbox 823 2584 1024 2627; x_wconf 75' lang='lat' dir='ltr'>capitaneus</span> <span class='ocrx_word' id='word_1_492' title='bbox 1047 2585 1177 2627; x_wconf 91' lang='lat' dir='ltr'>populi.</span> 
     </span>
     <span class='ocr_line' id='line_1_46' title="bbox 9 2635 1959 2682; baseline 0.001 -11"><span class='ocrx_word' id='word_1_493' title='bbox 9 2635 12 2640; x_wconf 87' lang='grc'><strong>’</strong></span> <span class='ocrx_word' id='word_1_494' title='bbox 47 2636 88 2671; x_wconf 80' lang='grc'>45</span> <span class='ocrx_word' id='word_1_495' title='bbox 201 2638 336 2672; x_wconf 87' lang='lat' dir='ltr'>Eodem</span> <span class='ocrx_word' id='word_1_496' title='bbox 358 2648 460 2671; x_wconf 80' lang='lat' dir='ltr'>anno.</span> <span class='ocrx_word' id='word_1_497' title='bbox 484 2657 526 2662; x_wconf 88' lang='lat'>—-</span> <span class='ocrx_word' id='word_1_498' title='bbox 554 2638 733 2681; x_wconf 75' lang='lat' dir='ltr'>Campana.</span> <span class='ocrx_word' id='word_1_499' title='bbox 752 2648 870 2682; x_wconf 76' lang='lat' dir='ltr'>grossa</span> <span class='ocrx_word' id='word_1_500' title='bbox 892 2640 1012 2682; x_wconf 89' lang='lat' dir='ltr'>populi</span> <span class='ocrx_word' id='word_1_501' title='bbox 1035 2639 1256 2672; x_wconf 84' lang='lat' dir='ltr'>bononiensis</span> <span class='ocrx_word' id='word_1_502' title='bbox 1279 2639 1374 2672; x_wconf 76' lang='lat' dir='ltr'>facta</span> <span class='ocrx_word' id='word_1_503' title='bbox 1398 2639 1464 2672; x_wconf 87' lang='lat' dir='ltr'>fuit</span> <span class='ocrx_word' id='word_1_504' title='bbox 1487 2645 1522 2672; x_wconf 90' lang='lat' dir='ltr'>et</span> <span class='ocrx_word' id='word_1_505' title='bbox 1544 2639 1655 2682; x_wconf 87' lang='lat' dir='ltr'>posita</span> <span class='ocrx_word' id='word_1_506' title='bbox 1670 2639 1737 2672; x_wconf 80' lang='lat' dir='ltr'>fuit</span> <span class='ocrx_word' id='word_1_507' title='bbox 1754 2649 1859 2682; x_wconf 88' lang='lat' dir='ltr'>super</span> <span class='ocrx_word' id='word_1_508' title='bbox 1873 2639 1959 2672; x_wconf 85' lang='lat' dir='ltr'>turri</span> 
     </span>
     <span class='ocr_line' id='line_1_47' title="bbox 115 2691 626 2738; baseline 0.002 -14"><span class='ocrx_word' id='word_1_509' title='bbox 115 2692 245 2724; x_wconf 87' lang='lat' dir='ltr'>domini</span> <span class='ocrx_word' id='word_1_510' title='bbox 268 2691 441 2734; x_wconf 85' lang='lat' dir='ltr'>capitanei</span> <span class='ocrx_word' id='word_1_511' title='bbox 464 2692 593 2734; x_wconf 83' lang='lat' dir='ltr'>populi.</span> <span class='ocrx_word' id='word_1_512' title='bbox 624 2735 626 2738; x_wconf 15' lang='lat' dir='ltr'>y</span> 
     </span>
    </p>

    <p class='ocr_par' dir='ltr' id='par_1_20' title="bbox 115 2743 1958 2842">
     <span class='ocr_line' id='line_1_48' title="bbox 201 2743 1958 2791; baseline 0 -12"><span class='ocrx_word' id='word_1_513' title='bbox 201 2745 336 2779; x_wconf 85' lang='lat' dir='ltr'>Eodem</span> <span class='ocrx_word' id='word_1_514' title='bbox 359 2755 462 2784; x_wconf 84' lang='lat' dir='ltr'>anno,</span> <span class='ocrx_word' id='word_1_515' title='bbox 485 2746 530 2778; x_wconf 90' lang='lat' dir='ltr'>de</span> <span class='ocrx_word' id='word_1_516' title='bbox 552 2743 670 2780; x_wconf 66' lang='lat' dir='ltr'>mens‘e</span> <span class='ocrx_word' id='word_1_517' title='bbox 691 2745 777 2789; x_wconf 84' lang='lat' dir='ltr'>julii.</span> <span class='ocrx_word' id='word_1_518' title='bbox 801 2765 843 2771; x_wconf 82' lang='lat'><em>-</em></span> <span class='ocrx_word' id='word_1_519' title='bbox 866 2747 976 2781; x_wconf 84' lang='lat' dir='ltr'>Venit</span> <span class='ocrx_word' id='word_1_520' title='bbox 998 2747 1145 2780; x_wconf 76' lang='lat' dir='ltr'>maxima</span> <span class='ocrx_word' id='word_1_521' title='bbox 1167 2752 1352 2789; x_wconf 82' lang='lat' dir='ltr'>tempestas</span> <span class='ocrx_word' id='word_1_522' title='bbox 1367 2746 1574 2791; x_wconf 81' lang='lat' dir='ltr'>grandinum</span> <span class='ocrx_word' id='word_1_523' title='bbox 1598 2757 1619 2779; x_wconf 90' lang='lat' dir='ltr'>a</span> <span class='ocrx_word' id='word_1_524' title='bbox 1642 2746 1741 2780; x_wconf 91' lang='lat' dir='ltr'>coelo</span> <span class='ocrx_word' id='word_1_525' title='bbox 1767 2746 1958 2789; x_wconf 86' lang='lat' dir='ltr'>pluentium</span> 
     </span>
     <span class='ocr_line' id='line_1_49' title="bbox 115 2798 1536 2842; baseline 0 -10"><span class='ocrx_word' id='word_1_526' title='bbox 115 2809 203 2841; x_wconf 75' lang='lat' dir='ltr'>quae</span> <span class='ocrx_word' id='word_1_527' title='bbox 227 2798 395 2832; x_wconf 82' lang='lat' dir='ltr'>destruxit</span> <span class='ocrx_word' id='word_1_528' title='bbox 417 2799 533 2831; x_wconf 80' lang='lat' dir='ltr'>omnia</span> <span class='ocrx_word' id='word_1_529' title='bbox 555 2799 659 2832; x_wconf 80' lang='lat' dir='ltr'>blada</span> <span class='ocrx_word' id='word_1_530' title='bbox 681 2805 717 2832; x_wconf 70' lang='lat' dir='ltr'>et</span> <span class='ocrx_word' id='word_1_531' title='bbox 738 2810 825 2833; x_wconf 76' lang='lat' dir='ltr'>uvas</span> <span class='ocrx_word' id='word_1_532' title='bbox 844 2810 909 2842; x_wconf 80' lang='lat' dir='ltr'>per</span> <span class='ocrx_word' id='word_1_533' title='bbox 930 2805 1039 2833; x_wconf 78' lang='lat' dir='ltr'>totam</span> <span class='ocrx_word' id='word_1_534' title='bbox 1060 2806 1278 2833; x_wconf 82' lang='lat' dir='ltr'>montaneam</span> <span class='ocrx_word' id='word_1_535' title='bbox 1302 2800 1401 2832; x_wconf 84' lang='lat' dir='ltr'>vallis</span> <span class='ocrx_word' id='word_1_536' title='bbox 1431 2800 1536 2833; x_wconf 89' lang='lat' dir='ltr'>Reni.</span> 
     </span>
    </p>

    <p class='ocr_par' dir='ltr' id='par_1_21' title="bbox 202 2851 1960 2898">
     <span class='ocr_line' id='line_1_50' title="bbox 202 2851 1960 2898; baseline 0.001 -15"><span class='ocrx_word' id='word_1_537' title='bbox 202 2851 336 2884; x_wconf 87' lang='lat' dir='ltr'>Eodem</span> <span class='ocrx_word' id='word_1_538' title='bbox 360 2861 462 2891; x_wconf 89' lang='lat' dir='ltr'>anno,</span> <span class='ocrx_word' id='word_1_539' title='bbox 486 2852 529 2884; x_wconf 88' lang='lat' dir='ltr'>de</span> <span class='ocrx_word' id='word_1_540' title='bbox 554 2863 671 2884; x_wconf 90' lang='lat' dir='ltr'>mense</span> <span class='ocrx_word' id='word_1_541' title='bbox 695 2853 902 2892; x_wconf 86' lang='lat' dir='ltr'>novembris,</span> <span class='ocrx_word' id='word_1_542' title='bbox 918 2853 953 2885; x_wconf 91' lang='lat' dir='ltr'>in</span> <span class='ocrx_word' id='word_1_543' title='bbox 978 2853 1034 2886; x_wconf 92' lang='lat' dir='ltr'>die</span> <span class='ocrx_word' id='word_1_544' title='bbox 1058 2854 1138 2886; x_wconf 85' lang='lat' dir='ltr'>festi</span> <span class='ocrx_word' id='word_1_545' title='bbox 1161 2859 1300 2886; x_wconf 86' lang='lat' dir='ltr'>sanctae</span> <span class='ocrx_word' id='word_1_546' title='bbox 1324 2853 1517 2886; x_wconf 84' lang='lat' dir='ltr'>caterinae.</span> <span class='ocrx_word' id='word_1_547' title='bbox 1544 2872 1580 2876; x_wconf 97' lang='lat'><strong>—</strong></span> <span class='ocrx_word' id='word_1_548' title='bbox 1607 2853 1686 2886; x_wconf 89' lang='lat' dir='ltr'>Fuit</span> <span class='ocrx_word' id='word_1_549' title='bbox 1708 2864 1795 2886; x_wconf 88' lang='lat' dir='ltr'>unus</span> <span class='ocrx_word' id='word_1_550' title='bbox 1818 2863 1960 2898; x_wconf 85' lang='lat' dir='ltr'>magnus</span> 
     </span>
    </p>
   </div>
   <div class='ocr_carea' id='block_1_3' title="bbox 206 2951 1236 2986">
    <p class='ocr_par' dir='ltr' id='par_1_22' title="bbox 206 2951 1236 2986">
     <span class='ocr_line' id='line_1_51' title="bbox 206 2951 1236 2986; baseline 0 -9"><span class='ocrx_word' id='word_1_551' title='bbox 206 2957 280 2984; x_wconf 82' lang='lat' dir='ltr'>49-p.</span> <span class='ocrx_word' id='word_1_552' title='bbox 300 2951 342 2984; x_wconf 82' lang='lat'>26,</span> <span class='ocrx_word' id='word_1_553' title='bbox 360 2952 378 2978; x_wconf 84' lang='lat' dir='ltr'>l.</span> <span class='ocrx_word' id='word_1_554' title='bbox 398 2959 411 2977; x_wconf 88' lang='lat'><em>2</em></span> <span class='ocrx_word' id='word_1_555' title='bbox 432 2953 534 2986; x_wconf 52' lang='lat' dir='ltr'>Queste</span> <span class='ocrx_word' id='word_1_556' title='bbox 552 2953 621 2977; x_wconf 80' lang='lat' dir='ltr'>linee</span> <span class='ocrx_word' id='word_1_557' title='bbox 637 2959 700 2977; x_wconf 81' lang='lat' dir='ltr'>sono</span> <span class='ocrx_word' id='word_1_558' title='bbox 717 2952 810 2978; x_wconf 78' lang='lat' dir='ltr'>scritte</span> <span class='ocrx_word' id='word_1_559' title='bbox 827 2952 998 2984; x_wconf 71' lang='lat' dir='ltr'>neleautogr.</span> <span class='ocrx_word' id='word_1_560' title='bbox 1017 2961 1046 2977; x_wconf 81' lang='lat' dir='ltr'>su</span> <span class='ocrx_word' id='word_1_561' title='bbox 1065 2952 1236 2978; x_wconf 75' lang='lat' dir='ltr'>raschiatura</span> 
     </span>
    </p>
   </div>
   <div class='ocr_carea' id='block_1_4' title="bbox 0 2361 29 3424">
    <p class='ocr_par' dir='ltr' id='par_1_23' title="bbox 0 2361 29 3424">
     <span class='ocr_line' id='line_1_52' title="bbox 0 2361 29 3424; baseline 0 0"><span class='ocrx_word' id='word_1_562' title='bbox 0 2361 29 3424; x_wconf 95' lang='lat' dir='ltr'> </span> 
     </span>
    </p>
   </div>
   <div class='ocr_carea' id='block_1_5' title="bbox 2018 537 2150 561">
    <p class='ocr_par' dir='ltr' id='par_1_24' title="bbox 2018 537 2150 561">
     <span class='ocr_line' id='line_1_53' title="bbox 2018 537 2150 561; baseline 0 -5"><span class='ocrx_word' id='word_1_563' title='bbox 2018 538 2093 561; x_wconf 69' lang='lat' dir='ltr'>Mun„</span> <span class='ocrx_word' id='word_1_564' title='bbox 2112 537 2150 557; x_wconf 76' lang='lat'>129</span> 
     </span>
    </p>
   </div>
   <div class='ocr_carea' id='block_1_6' title="bbox 2028 1861 2121 1881">
    <p class='ocr_par' dir='ltr' id='par_1_25' title="bbox 2028 1861 2121 1881">
     <span class='ocr_line' id='line_1_54' title="bbox 2028 1861 2121 1881; baseline 0 -5"><span class='ocrx_word' id='word_1_565' title='bbox 2028 1863 2048 1878; x_wconf 76' lang='lat' dir='ltr'>C.</span> <span class='ocrx_word' id='word_1_566' title='bbox 2064 1861 2121 1881; x_wconf 54' lang='lat'>{71</span> 
     </span>
    </p>
   </div>
  </div>
 </body>
</html>
