2242 3418
142 176 226 213 [AA.
246 178 426 212 1384-1385]
725 169 939 206 MEMORI
947 168 1054 205 ALE
1082 167 1408 205 HISTORICUM
1937 160 1984 200 79

228 301 360 334 Eodem
383 310 486 334 anno.
513 320 554 324 —
578 302 723 335 Factum
746 301 813 335 fuit
835 301 1003 344 palatium
1027 309 1154 334 novum
1177 299 1298 333 domus
1321 299 1495 332 societatis
1517 297 1749 336 Notariorum,
1765 294 1996 329 solicitatione

140 353 263 398 Jacobi
286 353 330 387 de
353 354 578 394 Griffonibuffi
603 356 663 399 qui
685 360 818 388 tantum
841 354 1058 398 praedicavit
1081 353 1175 397 quod
1198 353 1285 386 fecit
1307 353 1381 385 fieri
1404 352 1491 385 illud
1515 351 1654 384 bonum.

229 407 361 440 Eodem
382 417 485 447 anno,
509 408 566 440 die
588 418 657 450 v11J
680 409 892 451 septembris.
925 426 968 431 —
998 407 1094 441 Obiit
1118 407 1277 440 dominus
1299 405 1470 450 Ugolinus
1502 405 1546 438 de
1577 403 1726 437 Galutiis
1752 402 1850 435 miles
1878 406 1914 434 et
1943 411 1996 434 se-

141 460 256 503 pultus
278 460 346 493 fuit
367 461 414 493 ad
437 460 603 494 Sanctum
625 462 856 495 Dominicum.

98 511 116 545 5
228 513 360 545 Eodem
382 523 474 546 anno
496 513 856 548 M.CCCLXXXIIII.
880 533 922 537 ——
945 514 1112 547 Dominus
1128 513 1294 546 Galaotus
1315 512 1360 544 de
1381 511 1573 544 Malatestis
1588 510 1696 544 voluit
1719 515 1849 542 secrete
1863 509 1992 541 intrare

143 566 316 599 civitatem
339 566 529 600 Ravennae
552 573 586 600 et
608 568 740 610 positae
762 568 903 600 fuerunt
926 567 1041 601 scalae
1063 566 1109 599 ad
1133 576 1247 599 muros
1254 578 1264 604 3
1288 569 1403 597 tamen
1426 564 1534 597 nichil
1558 564 1653 596 fecit.

231 618 362 651 Eodem
386 630 487 653 anno.
512 639 553 643 ——
576 620 745 653 Dominus
767 620 810 653 de
834 620 1035 654 Conciacho
1069 620 1142 652 sive
1173 619 1217 651 de
1249 617 1346 651 Cussi
1381 617 1538 650 transivit
1561 617 1607 649 ad
1630 617 1713 649 istas
1735 620 1850 659 partes
1876 615 1912 647 in
1942 615 1996 647 fa·
2020 626 2022 628 ·

141 681 257 703 vorem
281 672 379 704 ducis
395 673 438 705 de
453 671 555 717 Anco
579 684 657 706 cum
679 683 804 718 magna
826 673 1044 706 multitudine
1067 673 1220 717 gentium
1243 677 1278 704 et
1301 681 1372 704 non
1395 671 1582 714 tetigerunt
1606 669 1805 702 comitatum
1820 667 1996 701 Bononiae

142 729 176 756 et
199 730 367 757 venerunt
389 736 452 768 per
474 727 564 759 viam
588 727 632 759 de
654 726 865 760 Poltremuli.

80 777 119 809 10
229 777 555 813 M.CCCLXXXV.
579 780 711 813 Eodem
733 790 837 819 anno,
853 780 910 813 die
933 790 998 821 XXJ
1018 779 1177 824 januarii.
1194 797 1236 802 —-
1252 778 1458 822 Magnificus
1480 777 1648 816 dominus,
1672 777 1830 809 dominus
1853 774 1994 808 Galaot-

142 836 197 862 tus
220 830 264 863 de
293 831 494 871 Malatestiffi
523 833 681 865 dominus
707 833 859 866 civitatis
889 832 1038 866 Arimini
1061 838 1096 865 et
1118 832 1263 865 aliarum
1287 831 1540 875 quamplurium
1563 830 1754 869 civitatum,
1778 829 1864 862 obiit
1886 832 1996 860 morte

142 883 291 916 naturali
313 884 350 916 in
372 884 512 918 civitate
534 885 719 919 Caesenae.

232 936 363 969 Eodem
386 948 477 971 anno
493 942 528 970 et
542 949 667 972 mense.
685 957 726 962 —
741 939 908 972 Dominus
932 939 1086 972 marchio
1109 939 1276 972 Nicolaus
1290 937 1453 976 Estensis,
1476 936 1630 969 marchio
1649 936 1828 968 Ferrariae
1842 939 1921 974 etc„
1937 944 1996 966 ac-

143 989 236 1032 cepit
259 995 409 1023 castrum
434 990 616 1024 Consilicis
638 996 708 1024 tam
732 1003 794 1035 per
817 993 887 1025 vim
914 1004 1017 1036 quam
1041 993 1146 1026 etiam
1168 1003 1231 1035 per
1253 990 1482 1034 proditionem
1505 989 1700 1033 aliquorum
1722 989 1996 1031 intrinsecorum,

81 1039 118 1074 15
143 1042 237 1085 quod
259 1048 408 1076 casn-um
430 1048 513 1077 tunc
536 1044 700 1078 tenebant
724 1046 866 1079 comites
889 1047 933 1079 de
957 1047 1104 1080 Chunio.

233 1095 365 1128 Eodem
376 1107 478 1136 anno,
491 1097 547 1130 die
557 1107 582 1130 v
594 1098 771 1132 februarii.
785 1118 826 1123 —-
840 1100 934 1133 Gens
946 1100 1102 1132 comunis
1114 1098 1291 1132 Bononiae
1306 1098 1474 1141 equitavit
1485 1107 1603 1130 versus
1615 1096 1786 1129 Mutinam
1798 1096 1844 1128 ad
1856 1094 1998 1128 obvian-

143 1148 225 1181 dum
248 1149 341 1192 quod
364 1160 556 1194 compagna
579 1151 745 1193 Johannis
759 1151 891 1196 Aeonis
914 1153 958 1185 de
980 1153 1164 1186 Ubaldinis
1187 1162 1256 1184 non
1279 1150 1412 1183 veniret
1434 1150 1471 1182 in
1496 1150 1660 1183 comitatu
1683 1149 1872 1187 Bononiae,
1895 1151 1998 1190 prout

143 1202 371 1235 minabantur.
417 1203 550 1235 Tamen
564 1204 660 1237 dicta
676 1215 868 1250 compagna
879 1206 1042 1239 transivit
1053 1205 1221 1249 pacifice‚'
1233 1204 1324 1237 datis
1338 1204 1451 1246 primo
1464 1203 1642 1236 obsidibus
1655 1202 1793 1234 comuni
1806 1201 1994 1234 Bononiae.

232 1255 364 1288 Eodem
380 1266 481 1295 anno,
498 1256 556 1289 die
571 1267 647 1290 xxv
664 1258 842 1291 februarii.
861 1278 902 1282 —-
920 1259 1048 1292 Gentes
1058 1269 1231 1291 armorum
1245 1257 1402 1290 comunis
1413 1256 1601 1295 Bononiae,
1614 1265 1683 1288 una
1699 1266 1779 1288 cum
1795 1254 1996 1287 confalone-

9 1346 16 1352 „,
78 1308 121 1340 20
144 1307 197 1341 rio
218 1308 383 1351 justitiae,
407 1309 468 1352 qui
490 1316 565 1343 erat
587 1311 796 1345 Rambertus
812 1313 856 1345 de
870 1312 1082 1351 Bacelleriis‚
1099 1312 1342 1355 equitaverunt
1357 1310 1394 1342 in
1410 1308 1645 1342 Romandiola
1660 1313 1782 1341 contra
1797 1307 1998 1340 societatem

144 1361 313 1404 Johannis
327 1360 461 1406 Aeonis
473 1363 516 1395 de
527 1363 714 1397 Ubaldinis
729 1370 764 1398 et
780 1371 902 1399 contra
917 1366 1061 1398 comites
1077 1365 1121 1398 de
1135 1364 1320 1398 Barbiano.
1361 1363 1462 1402 Quae
1477 1372 1671 1405 compagna
1686 1366 1760 1394 erat
1775 1361 1821 1393 ad
1837 1370 1997 1402 campum

143 1414 189 1446 ad
204 1413 370 1447 Sanctum
385 1414 624 1458 Prosperium;
648 1423 683 1450 et
698 1428 777 1450 cum
799 1419 962 1462 gentibus
983 1417 1255 1455 Bononiensium
1277 1421 1376 1449 erant
1398 1421 1518 1460 gentes
1533 1414 1744 1447 marchionis
1767 1413 1948 1447 Ferrariae
1962 1418 1997 1445 et

144 1465 439 1506 Florentinorum;
464 1473 499 1501 et
520 1469 671 1502 finaliter
691 1480 777 1514 gens
798 1471 1068 1504 Bononiensium
1091 1471 1160 1503 fuit
1183 1470 1346 1503 conflicta
1368 1474 1403 1501 et
1429 1468 1607 1512 fugierunt
1629 1467 1675 1499 ad
1699 1467 1859 1500 Castrum
1885 1465 1995 1498 sancti

145 1519 250 1551 Petri.
296 1520 343 1552 Et
366 1520 571 1555 totum'fuit
586 1528 729 1565 propter
750 1524 928 1557 tristitiam
952 1523 1183 1557 confalonerii
1197 1522 1370 1567 justiciae,
1387 1522 1448 1565 qui
1471 1521 1523 1554 ibi
1546 1525 1630 1559 erat,
1647 1525 1682 1552 et
1704 1525 1847 1562 propter
1869 1519 1995 1552 multos

79 1570 120 1604 25
145 1572 232 1604 alios
255 1572 360 1612 cives,
384 1574 445 1616 qui
461 1584 531 1607 non
547 1575 706 1608 fecerunt
728 1576 796 1608 nisi
819 1578 941 1621 fugere
957 1583 992 1610 et
1006 1581 1195 1620 posuerunt
1211 1576 1298 1608 alios
1313 1584 1432 1608 omnes
1455 1574 1494 1606 in
1516 1575 1646 1617 fugam.
1691 1573 1787 1606 Inter
1802 1583 1887 1616 quos
1903 1572 1998 1605 cives

145 1630 220 1657 erat
243 1625 403 1658 dominus
425 1626 565 1671 Eganus
588 1629 632 1661 de
654 1628 899 1669 Lambertinis‚
923 1631 1086 1663 Tarlatus
1109 1630 1154 1662 de
1176 1629 1381 1667 Becadellis,
1405 1627 1573 1661 Cursinus
1596 1626 1640 1659 de
1664 1626 1864 1665 Gozadinis‚
1888 1625 1996 1658 Nico-

145 1678 219 1710 laus
242 1678 286 1710 de
309 1679 489 1712 Fantuciis
504 1686 539 1713 et
553 1681 761 1714 Franciscus
777 1683 821 1715 de
843 1682 1002 1722 Parixiis‚
1019 1683 1080 1727 qui
1096 1692 1166 1715 non
1189 1682 1384 1715 habuerunt
1406 1680 1551 1713 meliora
1573 1690 1680 1718 arma,
1705 1690 1807 1722 quam
1823 1688 1996 1721 sperones.

146 1731 303 1769 Quorum
326 1731 430 1774 culpa
452 1732 577 1766 civitas
599 1734 778 1767 Bononiae
793 1736 926 1779 recepit
948 1737 1011 1769 illa
1034 1736 1092 1768 die
1107 1745 1267 1780 magnam
1289 1733 1535 1767 verecundiam
1558 1737 1592 1764 et
1615 1732 1800 1764 maximum
1823 1732 1996 1764 damnum.

146 1783 192 1815 Et
214 1783 276 1815 illa
298 1783 342 1815 de
364 1794 478 1824 causa,
501 1785 675 1829 loquendo
698 1798 761 1830 per
795 1789 1018 1828 contrarium,
1043 1789 1157 1821 factus
1180 1779 1249 1820 fu'it
1279 1786 1525 1829 infrascriptus
1548 1790 1711 1823 sonettus‚
1734 1794 1804 1816 nec
1835 1795 1996 1828 umquam

80 1836 123 1868 30
146 1835 259 1878 potuit
282 1836 375 1875 sciri,
399 1838 477 1880 quis
499 1838 636 1872 fecerit.
680 1840 814 1873 Tamen
836 1842 936 1875 multi
960 1841 1184 1875 crediderunt
1215 1840 1309 1884 quod
1338 1839 1522 1872 Mathaeus
1545 1838 1588 1871 de
1612 1837 1831 1871 Griffonibus
1858 1837 1998 1870 fecisset

145 1889 258 1932 ipsum
281 1894 452 1923 sonettum
475 1892 670 1926 trufatorie.

631 1977 766 2012 Diffesa
789 1989 859 2012 non
882 1980 927 2023 pb
951 1981 1007 2013 far
1029 1980 1091 2024 piu
1113 1980 1299 2019 BarbianO,

697 2032 863 2065 Zohanne
886 2032 1038 2078 ᾶἈςςο,
1061 2033 1106 2066 ne
1129 2043 1237 2066 ancor
1259 2033 1456 2076 Zagonara;

699 2084 790 2117 Ch’i
812 2085 998 2130 Bolognixi
1021 2096 1088 2119 con
1112 2086 1192 2130 quel
1215 2086 1261 2118 da
1283 2086 1412 2118 Ferara

83 2131 124 2165 35
700 2137 780 2169 Non
802 2137 829 2170 li
852 2139 1049 2172 convincha
1071 2148 1138 2172 con
1161 2139 1195 2171 la
1218 2138 1326 2181 spada
1348 2138 1387 2170 in
1409 2146 1522 2170 mano.

261 2179 262 2182 Ἴ
632 2188 707 2222 Che
729 2196 842 2230 conte,
865 2191 909 2223 ne
932 2192 1086 2231 soldado,
1110 2192 1154 2224 ne
1182 2192 1325 2231 villano,

698 2241 773 2276 Che
795 2244 821 2276 li
845 2244 896 2276 sia
918 2245 1052 2285 demto,
1075 2245 1148 2277 usir
1170 2254 1240 2278 non
1262 2245 1308 2287 po
1325 2244 1390 2276 che
1412 2254 1508 2287 para,

697 2295 728 2327 E
750 2296 785 2329 la
806 2297 944 2339 passiva
965 2297 1014 2342 gli
1036 2298 1056 2330 ὲ
1078 2298 1107 2330 si
1131 2299 1223 2331 forte
1246 2297 1365 2336 chara,

685 2347 795 2382 Ch’in
817 2350 923 2392 pochi
947 2350 984 2383 di
1007 2351 1051 2383 de
1073 2351 1165 2383 fame
1189 2351 1445 2389 chascharano;

84 2398 127 2429 40
634 2400 696 2433 Ma
718 2401 752 2433 la
775 2411 844 2435 non
867 2413 927 2435 era
948 2403 1018 2436 mai
1041 2403 1070 2436 si
1093 2404 1199 2448 lunga
1221 2412 1332 2443 mena,

701 2454 747 2487 Se
768 2455 781 2486 i
805 2456 980 2498 capetanii
1003 2465 1069 2489 con
1092 2457 1127 2489 la
1149 2457 1204 2489 lor
1225 2457 1395 2490 bandiera

700 2507 845 2541 Secorso
868 2519 1004 2541 avesser
1025 2509 1093 2542 ben
1116 2509 1150 2542 la
1172 2509 1286 2552 prima
1308 2510 1453 2542 schiera.

636 2560 666 2592 E
689 2571 725 2592 se
741 2560 763 2592 '1
786 2570 855 2594 non
879 2562 970 2594 fosse
993 2562 1091 2595 stado
1115 2572 1184 2595 una
1214 2563 1368 2595 maniera

698 2613 761 2645 De'
784 2614 929 2653 citadin,
952 2615 1018 2647 che
1040 2626 1169 2658 parean
1198 2616 1385 2660 signoritti,

13 2682 26 2713 5
83 2661 124 2694 45
697 2666 772 2699 Che
794 2666 1032 2700 incontenenti
1055 2668 1215 2701 dieder’a
1237 2668 1410 2713 gambitti.

634 2719 696 2751 Ma
718 2730 785 2762 pur
806 2719 948 2752 vincera
971 2720 984 2752 i
1007 2721 1116 2753 nostri
1138 2721 1336 2766 Bolognixi‚

702 2772 776 2805 Che
792 2772 814 2805 'l
836 2773 886 2817 gli
909 2772 929 2805 ὲ
950 2773 1094 2806 Tarlato
1117 2784 1137 2806 e
1159 2773 1356 2808 Francesco
1378 2775 1509 2809 Par-ixi.

239 2880 255 2905 6
273 2881 430 2914 civitatem]
448 2891 529 2915 segue
553 2883 676 2909 cesenae
705 2885 850 2909 cancellato
869 2899 901 2902 —
925 2891 942 2917 9
966 2885 1142 2918 Poltremuli]
1165 2894 1246 2918 segue
1269 2887 1349 2911 molto
1373 2888 1464 2919 spatio
1487 2887 1578 2913 blanco
1596 2902 1629 2907 -
1651 2887 1684 2913 18
1702 2889 1816 2914 comuni
1840 2888 1997 2921 Bononiae]

147 2923 238 2954 prima
257 2924 415 2955 leggevasi:
433 2931 484 2957 per
501 2932 620 2961 comune
638 2926 784 2951 Bononiae
804 2939 838 2944 —
857 2932 890 2959 42
909 2925 1030 2959 avesser]
1050 2930 1176 2960 autogr„-
1194 2935 1288 2954 avesse

2067 523 2086 538 c.
2102 521 2145 540 1³⁴
2159 517 2171 536 Β

2070 789 2091 803 c·
2107 787 2152 806 155
2166 789 2180 802 a

2099 1214 2149 1233 um,
2166 1209 2201 1228 1⁹⁵

2070 1534 2090 1550 c.
2107 1532 2152 1553 ¹35
2168 1528 2180 1548 11
