2196 3424
109 221 194 256 [ΑΛ.
215 220 400 255 1325-1328]
689 211 1010 251 MEMORIALE
1037 211 1363 250 HISTORICUM
1893 211 1939 253 <37

105 347 293 391 Gocadinis
317 346 485 389 expulsus,
510 356 587 379 cum
610 347 767 380 omnibus
790 346 940 389 expulsis
965 346 1010 378 de
1041 346 1199 378 Bononia
1227 351 1295 379 tam
1326 346 1580 379 Scachensibus
1610 357 1710 390 quam
1738 346 1840 380 etiam
1864 346 1949 379 Ghi-

104 399 241 432 bellinis
264 399 411 442 expulsis
435 400 478 432 de
501 399 668 438 Bononia,
693 400 736 432 de
759 399 945 437 Florentia,
963 399 1006 432 de
1024 399 1191 437 Ferraria,
1207 398 1251 430 de
1268 398 1486 438 Lombardia,
1503 409 1581 432 cum
1597 398 1719 443 Acone
1735 399 1951 433 Vicecomite

104 459 138 486 et
160 453 344 497 Raynaldo
376 453 574 486 marchione
606 454 786 486 Fen-ariae
818 463 896 486 cum
926 452 993 484 illis
1025 453 1068 484 de
1099 453 1284 495 Fregnano
1315 457 1350 484 et
1380 451 1450 484 filio
1482 452 1696 484 Manfredini
1726 451 1883 485 Rastaldi
1914 457 1949 484 et

104 505 266 538 Bertucio
290 505 334 537 de
359 505 485 549 Guigla
509 511 542 538 et
564 506 677 538 multis
701 506 785 545 aliis,
809 516 928 538 versus
950 510 1067 547 partes
1091 504 1276 537 Seravallis
1295 504 1390 547 juxta
1411 505 1613 547 Zapolinum
1636 505 1671 537 in
1697 505 1834 538 flumine
1865 504 1950 538 Vol-

61 559 79 592 5
103 559 185 604 goli‚
210 560 266 592 die
291 569 354 600 xvj
383 560 590 599 novembris,
614 560 851 593 Bononienses
873 559 1024 591 insultati
1047 558 1188 590 fuerunt
1211 564 1246 590 et
1276 557 1428 590 conflicti
1455 568 1583 596 omne&
1602 564 1670 590 tam
1695 558 1826 600 equites
1848 568 1950 600 quam

103 612 248 655 pedites,
272 623 315 645 ex
337 623 404 655 quo
427 612 519 645 mille
544 618 578 645 et
600 613 690 645 ultra
711 613 836 646 mortui
859 613 999 644 fuerunt
1022 618 1057 644 et
1071 612 1216 644 totidem
1241 611 1333 653 capti
1350 611 1394 643 de
1411 616 1515 654 gente
1531 611 1809 644 Bononiensium.
1855 611 1950 644 Inter

103 675 189 709 quos
211 666 351 698 fuerunt
372 667 475 708 positi
498 671 533 698 et
557 666 726 698 carcerati
753 666 788 698 in
819 665 1016 698 carceribus
1039 665 1195 697 Mutinae
1225 664 1314 696 bene
1346 664 1534 707 octingenti
1565 669 1600 695 et
1627 664 1782 696 dominus
1804 663 1950 696 Malate-

103 719 220 757 stinus‚
244 719 402 751 dominus
423 725 574 761 potestas
589 717 745 762 Angelus
767 718 811 751 de
836 718 963 751 Sancto
987 719 1152 761 Elipidio‚
1170 718 1328 750 dominus
1352 717 1507 749 Sassolus
1529 717 1573 749 de
1598 716 1745 755 Sassolo,
1769 717 1951 750 Mathaeus

103 771 147 804 de
173 770 369 809 Cresentiis,
393 771 562 804 Piczonus
594 771 667 814 ejus
696 771 815 810 frater,
846 771 1018 804 Musottus
1041 776 1076 803 et
1099 770 1168 803 duo
1191 770 1249 802 alii
1274 770 1317 802 de
1350 769 1541 807 Sabadinis,
1563 768 1735 802 Antonius
1759 769 1884 802 Sandri
1906 770 1950 802 de

41 825 80 857 10
104 823 328 862 Griffonibus‚
351 823 492 857 Paulus'
520 825 564 857 de
591 823 766 863 Malvitiis‚
791 824 967 857 Gerardus
991 825 1034 857 de
1058 823 1302 862 Zamboeariis,
1325 832 1380 855 ser
1402 822 1555 855 Thomas
1578 823 1622 855 de
1646 823 1794 855 Torellis
1818 829 1852 856 et
1874 823 1945 856 fra-

102 883 156 910 ter
178 888 257 910 suus
279 884 314 910 et
336 877 434 910 multi
457 877 514 910 alii
536 877 618 911 boni
651 878 746 910 cives
768 878 904 910 insimul
927 879 962 910 in
985 888 1054 910 una
1083 877 1168 909 turri
1195 877 1239 909 de
1262 876 1412 913 Mutina;
1437 875 1496 918 qui
1527 875 1667 908 fuerunt
1689 886 1829 908 numero
1860 885 1950 918 xva

103 930 272 963 notabiles
293 930 340 963 ibi
363 931 399 962 in
422 930 497 973 ipsa
519 931 604 963 turri
628 930 796 963 carcerati
818 940 883 973 per
906 940 946 972 Χ]
968 931 1185 973 septimanas.
1232 930 1278 962 Et
1301 929 1377 961 fere
1402 928 1560 961 Bononia
1589 934 1672 961 tunc
1702 929 1839 971 perdita
1865 929 1947 967 fuit;

103 993 181 1016 nam
211 983 277 1026 ipsi
308 984 568 1017 combusserunt
598 983 773 1027 Bacanum
806 989 840 1016 et
871 982 1118 1026 Crespelanum
1146 988 1180 1015 et
1210 987 1380 1015 venerunt
1406 990 1515 1024 usque
1545 980 1590 1013 ad
1620 987 1759 1023 pontem
1791 981 1884 1015 Reni
1915 988 1950 1014 et

104 1036 345 1069 destruxerunt
366 1036 462 1069 illud.

42 1141 78 1175 15
189 1140 485 1175 M.CCCXXV11.
510 1160 552 1165 —-
580 1141 908 1175 Reverendissimus
934 1146 1033 1184 pater
1064 1145 1099 1173 et
1130 1140 1298 1180 dominus,
1330 1139 1488 1173 dominus
1521 1139 1729 1173 Beltrandus
1752 1140 1946 1179 cardinalis,

104 1194 315 1238 apostolicae
346 1195 438 1227 sedis
460 1194 602 1238 legatus,
633 1194 692 1238 qui
723 1200 797 1227 erat
827 1194 982 1234 Parmae,
1018 1194 1084 1227 fuit
1105 1194 1315 1227 unanimiter
1346 1199 1381 1226 et
1411 1194 1632 1227 concorditer
1661 1205 1725 1236 per
1747 1194 1891 1227 consilia
1914 1200 1949 1226 et

103 1254 212 1282 totum
235 1248 399 1291 populum
422 1248 596 1281 Bononiae
621 1248 751 1281 electus
775 1254 809 1281 et
831 1254 975 1282 vocatus
1006 1248 1162 1281 dominus
1183 1247 1355 1291 generalis
1379 1247 1536 1285 civitatis,
1562 1247 1740 1280 comitatus
1771 1253 1806 1280 et
1837 1247 1949 1279 distri-

104 1308 178 1334 ctus
209 1301 440 1334 bononiensis.
486 1301 530 1338 Ex
564 1301 800 1334 Bononienses
831 1301 996 1334 miserunt
1025 1301 1091 1334 sibi
1123 1301 1293 1334 solemnes
1323 1300 1573 1333 ambaxiatores
1602 1306 1640 1333 ut
1666 1301 1799 1334 veniret
1832 1301 1946 1333 Bono-

103 1355 204 1387 niam.
251 1353 323 1392 Qui
357 1354 516 1387 dominus
546 1354 688 1397 legatus,
721 1354 846 1386 auditis
873 1354 977 1386 dictis
1007 1352 1304 1391 ambaxiatoribuS,
1340 1353 1375 1385 in
1407 1353 1464 1385 die
1496 1353 1576 1386 festi
1607 1359 1747 1386 sanctae
1778 1353 1946 1397 Agafflae,

38 1409 80 1439 20
104 1407 161 1440 die
184 1417 209 1440 v
231 1408 357 1440 mensis
387 1406 562 1446 februarii,
593 1407 733 1439 intravit
763 1406 914 1439 feliciter
943 1407 1117 1439 civitatem
1146 1406 1323 1439 Bononiae
1347 1406 1448 1438 valde
1481 1406 1679 1445 honorifice,
1713 1406 1794 1450 quia
1828 1417 1946 1439 omnes

103 1466 173 1493 tam
195 1460 337 1493 masculi
360 1458 472 1503 quam
485 1460 658 1492 foeminae
687 1458 882 1492 cridabant:
901 1477 943 1483 -
958 1458 1065 1492 Vivat
1087 1458 1237 1502 legat-usi
1255 1477 1296 1481 —
1314 1458 1358 1491 Et
1374 1458 1509 1491 obviam
1526 1459 1590 1492 sibi
1607 1460 1744 1491 missum
1760 1459 1826 1492 fuit
1848 1470 1946 1493 caro-

104 1515 188 1546 tium
221 1523 296 1546 cum
328 1523 353 1545 x
382 1513 544 1545 militibus
575 1511 842 1545 bononiensibus
873 1518 908 1544 et
939 1512 1099 1545 ducentis
1128 1511 1415 1556 bagurdatoribus
1446 1513 1581 1546 noviter
1609 1513 1738 1546 indutis
1766 1514 1812 1546 ad
1841 1525 1946 1546 unum

103 1566 278 1610 intaglum.
323 1565 368 1598 Et
390 1566 457 1598 fuit
479 1565 610 1598 factum
633 1571 763 1598 tantum
786 1565 925 1603 festum,
948 1565 1043 1607 quod
1073 1565 1242 1597 nescirem
1274 1574 1340 1597 nec
1372 1575 1431 1598 ore
1464 1566 1580 1598 dicere
1612 1575 1679 1598 nec
1706 1576 1783 1598 cum
1815 1566 1945 1599 calamo

104 1619 281 1652 denotare.
326 1619 426 1651 Haec
456 1619 522 1652 fuit
552 1618 694 1651 salvat-io
729 1617 876 1651 civitatis
906 1617 1100 1656 Bononiae,
1132 1618 1213 1660 quia
1244 1617 1364 1650 civitas
1393 1618 1571 1651 Bononiae
1604 1625 1654 1651 est
1683 1624 1777 1652 terra
1807 1625 1944 1652 sanctae

39 1671 80 1705 25
105 1683 266 1706 romanae
290 1673 470 1706 Ecclesiae
502 1682 568 1705 nec
595 1682 755 1715 umquam
778 1671 867 1705 bene
891 1670 1077 1715 gubernari
1099 1676 1227 1713 posset,
1250 1671 1316 1703 nisi
1345 1671 1407 1703 sub
1434 1671 1531 1705 titulo
1561 1678 1699 1704 sanctae
1731 1673 1847 1704 matris
1877 1672 1945 1704 Ec-

106 1725 242 1764 clesiae,
266 1736 368 1768 quam
390 1724 568 1758 sublimem
593 1733 799 1758 conservare
822 1725 983 1767 dignetur
1004 1724 1075 1763 ille,
1099 1735 1164 1767 per
1186 1735 1287 1767 quem
1310 1725 1425 1757 omnia
1448 1725 1542 1758 facta
1564 1732 1651 1758 sunt.

192 1779 326 1812 Eodem
349 1790 450 1813 anno.
476 1797 517 1802 —
539 1779 707 1812 Dominus
729 1778 938 1817 Ludovicus‚
962 1779 1022 1821 qui
1044 1777 1232 1811 vocabatur
1255 1779 1417 1816 Bavarus,
1447 1778 1509 1810 ivit
1531 1778 1678 1811 Romam
1702 1789 1805 1811 causa
1827 1789 1864 1811 se
1888 1789 1946 1812 co-

104 1833 267 1871 ronandi3
291 1838 327 1865 et
347 1832 483 1865 fecerat
505 1843 541 1865 se
565 1831 724 1865 coronari
740 1831 775 1863 in
790 1830 992 1864 Mediolano
1010 1831 1053 1864 de
1070 1841 1186 1864 mense
1202 1831 1328 1874 aprelis
1334 1843 1344 1869 3
1362 1837 1397 1863 et
1412 1831 1499 1864 fecit
1515 1842 1638 1864 novum
1661 1842 1786 1874 papam
1809 1832 1946 1865 nomine

3 1930 6 1932 Ι
105 1885 278 1919 Nicolaus.
319 1884 390 1923 Qui
414 1886 572 1918 dominus
603 1895 695 1928 papa
725 1884 811 1917 fecit
840 1885 1048 1923 cardinales;
1080 1885 1139 1928 qui
1170 1885 1365 1927 imperator,
1396 1895 1487 1927 papa
1518 1890 1553 1917 et
1583 1885 1777 1918 cardinales
1807 1885 1947 1918 fuerunt

0 1933 5 1937 ⁸
40 1940 83 1972 30
106 1939 356 1972 excomunicati
378 1945 413 1972 et
436 1939 549 1972 dictus
570 1949 663 1982 papa
685 1938 751 1971 fuit
773 1943 895 1981 captus
917 1944 953 1972 et
975 1939 1100 1972 ductus
1130 1937 1293 1971 Avinioni
1324 1937 1369 1970 ad
1399 1937 1572 1970 dominum
1602 1948 1727 1980 papam
1752 1938 1946 1981 Johannem

0 1938 9 2051 t
106 1998 183 2034 post
205 1992 345 2035 aliquod
367 1998 510 2035 tempus.

193 2045 326 2079 Eodem
349 2056 439 2090 anno
460 2044 753 2079 M.CCCXXVII.
777 2064 819 2069 —-
842 2046 1026 2079 praefatus
1049 2045 1206 2078 dominus
1229 2043 1413 2077 cardinalis
1436 2050 1471 2077 et
1494 2045 1625 2087 legatus
1648 2044 1753 2087 elegit
1775 2045 1810 2076 in
1833 2051 1947 2078 recto-

106 2109 178 2131 rem
195 2099 341 2131 civitatis
362 2099 538 2132 Bononiae
562 2099 737 2132 dominum
760 2099 950 2132 Marsilium
975 2100 1018 2132 de
1042 2099 1185 2138 Rubeis,
1209 2099 1268 2142 qui
1290 2098 1516 2131 incontinenti
1539 2098 1625 2130 fecit
1641 2097 1768 2131 bonum
1784 2098 1948 2141 regimen.

107 2151 153 2184 Et
174 2151 278 2184 finitis
301 2157 370 2184 tres
398 2152 582 2191 mensibus,
605 2152 717 2185 dictus
740 2152 898 2185 dominus
928 2153 1060 2196 legatus
1090 2152 1176 2185 fecit
1199 2151 1494 2184 aliumrectorem
1519 2150 1665 2183 civitatis
1687 2151 1874 2190 Bononiae,
1898 2151 1949 2183 vi-

0 2204 5 2241 ?
41 2202 83 2237 35
108 2204 237 2237 delicet
253 2205 441 2238 ¹dominum
472 2205 667 2238 Guidonem
698 2204 859 2239 Savinam
889 2206 934 2238 de
964 2205 1131 2249 Foglan0‚
1162 2205 1219 2248 qui
1250 2205 1451 2238 auctoritate
1483 2204 1567 2238 dicti
1589 2204 1719 2237 domini
1748 2204 1854 2247 legati
1877 2210 1951 2238 erat

0 2244 13 2302 {2
106 2258 385 2301 ficecapstaneus
407 2258 595 2292 Bononiae.

0 2301 10 2367 ξ
194 2311 327 2344 Eodem
351 2321 451 2345 anno.
475 2330 517 2335 —-
539 2312 707 2345 Dominus
728 2311 940 2347 Albertatius
967 2313 1011 2345 de
1042 2312 1250 2345 Bisdominis
1280 2313 1324 2345 de
1355 2312 1534 2345 Placentia
1565 2312 1630 2345 fuit
1660 2317 1775 2344 rector
1807 2312 1951 2345 civitatis

107 2364 295 2398 Bononiae.
341 2365 508 2398 Dominus
530 2365 695 2399 Nicolaus
718 2366 762 2399 de
786 2366 951 2399 Cartariis
975 2367 1018 2399 de
1042 2366 1158 2409 Regio
1180 2366 1248 2399 fuit
1269 2366 1556 2408 vicecapitaneus.

7 2454 10 2458 Δ
196 2418 331 2450 Eodem
354 2429 454 2451 anno.
478 2437 520 2442 -—
543 2419 723 2452 Praefatus
746 2419 903 2452 dominus
927 2419 1110 2452 cardinalis
1133 2419 1266 2463 legatus
1295 2419 1407 2452 facms
1429 2419 1495 2451 fuit
1517 2419 1698 2461 episcopus
1720 2418 1887 2452 Ostiensis
1918 2424 1952 2451 et

11 2486 13 2509 j
44 2471 86 2503 40
109 2470 321 2504 Veletrensis
344 2478 379 2505 et
400 2472 467 2505 suit
488 2472 678 2506 honorifice
703 2479 924 2506 consecratus
947 2478 982 2505 et
1004 2473 1117 2505 factus
1138 2472 1203 2505 fuit
1225 2471 1289 2505 sibi
1312 2471 1476 2504 maximus
1498 2471 1609 2504 honor
1630 2481 1694 2513 per
1709 2477 1814 2504 totam
1832 2471 1951 2504 civita-

108 2530 177 2556 tem
199 2524 388 2558 Bononiae.

198 2578 333 2610 Eodem
356 2589 456 2612 anno.
474 2597 515 2602 -—
541 2578 670 2612 Civitas
693 2579 820 2612 Imolae
845 2580 925 2613 data
948 2580 1013 2612 fuit
1036 2579 1215 2622 praedicto
1239 2579 1376 2611 domino
1400 2578 1529 2621 legat03
1554 2583 1588 2610 et
1611 2577 1704 2610 dicto
1728 2587 1817 2609 anno
1841 2577 1953 2610 dictus

11 2647 14 2649 Α
110 2631 269 2664 dominus
297 2633 431 2676 legatus
461 2633 546 2666 fecit
576 2633 702 2666 murari
733 2633 906 2667 civitatem
935 2634 1112 2666 Bononiae
1144 2640 1258 2666 tamen
1288 2633 1361 2665 sine
1391 2629 1506 2665 merlis
1537 2637 1571 2664 et
1601 2631 1688 2664 fecit
1717 2631 1792 2663 fieri
1816 2630 1952 2663 cluxam

58 2687 62 2689 ⁴
111 2685 206 2718 Reni
228 2685 272 2718 de
297 2685 476 2729 lapidibus.
1785 2677 1788 2680 '

21 2771 23 2773 ,
46 2736 86 2770 45
198 2738 332 2772 Eodem
355 2750 456 2779 anno,
481 2740 525 2773 de
549 2740 666 2774 mense
689 2742 834 2784 augusti.
852 2760 894 2765 —
909 2741 1044 2775 Bitinus
1060 2741 1104 2774 de
1121 2740 1264 2783 Cavagli
1281 2750 1358 2772 cum
1381 2738 1550 2782 aliquibus
1573 2737 1704 2771 civibus
1727 2743 1762 2770 et
1784 2737 1952 2780 aliquibus

111 2792 260 2835 expulsis
282 2793 401 2826 habuit
422 2800 605 2827 tractatum
631 2795 827 2837 expellendi
843 2796 1018 2829 dominum
1045 2795 1194 2839 legatum
1212 2795 1255 2826 de
1272 2792 1436 2826 Bononia.
1483 2791 1563 2830 Qua
1586 2791 1630 2823 de
1655 2801 1757 2823 causa
1779 2791 1954 2823 destructa

112 2846 179 2878 fuit
201 2846 323 2879 domus
346 2846 427 2880 dicti
450 2848 555 2880 Bitini
579 2854 614 2881 et
637 2848 734 2881 multi
758 2848 921 2881 confinati
945 2850 1085 2882 fuerunt
1113 2854 1147 2881 et
1176 2848 1308 2880 Bitinus
1330 2846 1396 2878 fuit
1418 2845 1578 2878 bannitus
1601 2845 1644 2877 de
1668 2844 1788 2887 patria.
1830 2843 1953 2877 Petrus

98 2899 154 2936 ,de
177 2899 288 2932 Riciis
311 2906 346 2933 et
367 2900 527 2934 Bertolus
549 2900 763 2935 Venturolae
787 2902 830 2934 de
854 2901 1019 2935 Albirolis
1044 2900 1230 2943 decapitati
1254 2900 1394 2932 fuerunt
1417 2899 1511 2931 dicta
1534 2899 1578 2934 de
1607 2908 1719 2930 causa.

200 2955 508 2990 M.CCCXXV111.
526 2975 567 2979 —
583 2956 747 2990 Dominus
763 2956 888 2990 Paulus
905 2956 949 2989 de
966 2953 1176 3000 Adigheriis'
1194 2955 1238 2987 de
1254 2953 1376 2987 Parma
1392 2953 1458 2986 fuit
1473 2958 1589 2986 rector
1605 2951 1750 2985 civitatis
1765 2951 1952 2985 Bononiae.

2021 834 2096 859 Mum,
2115 834 2152 854 143

2022 2060 2042 2075 c.
2056 2053 2112 2079 ⁶75

2029 2954 2049 2970 c.
2063 2947 2091 2969 ⁶8
2105 2954 2119 2968 a

2030 2976 2108 3001 Mun„
2122 2974 2159 2995 lu
