2196 3424
158 155 243 193 [ΛΑ.
263 155 434 189 1141-1178]
456 186 459 188 ,
737 144 1056 183 MEMORIALE
1091 143 1417 181 HISTORICUM
1973 143 1994 178 5

231 277 421 311 M.CXLI.
438 295 479 300 —
503 276 633 310 Civitas
654 275 831 308 Bononiae
855 275 937 307 arsit
960 279 996 307 et
1018 274 1168 307 ecclesia
1190 273 1301 306 sancti
1323 271 1420 305 Petri
1434 271 1577 315 Majoris
1593 272 1770 304 combusta
1792 271 1858 304 fuit
1880 271 1916 303 in
1941 272 1997 303 die

159 331 270 364 sancti
292 330 390 363 Petri
412 330 458 362 ad
480 330 642 363 Vincula.

247 382 440 416 M.CXLII.
465 401 506 405 —
522 382 689 426 Magnum
712 382 880 424 proelium
903 381 970 414 fuit
992 381 1085 414 inter
1107 380 1342 413 Bononienses
1365 384 1400 412 et
1422 378 1638 412 Mutinenses
1654 379 1697 411 de
1721 388 1838 410 mense
1861 378 1997 421 augusti

158 443 193 470 et
215 437 358 469 multum
382 436 528 469 duravit.
574 435 710 468 Tamen
732 434 967 467 Bononienses
989 434 1183 466 habuerunt
1207 433 1387 465 victoriam
1419 438 1454 465 et
1484 432 1626 464 fuerunt
1649 431 1774 464 mortui
1796 431 1896 463 multi
1917 429 1998 462 Mu-

117 489 134 522 5
160 490 312 523 tinenses
334 494 369 522 et
392 489 489 521 multi
514 488 607 531 capti
631 493 666 520 et
689 488 786 521 ducti
808 487 1010 520 Bononiam.

246 541 475 575 M.CXLIIII.
498 560 539 565 —
563 541 660 574 Obiit
681 551 773 583 papa
795 540 1028 573 Innocentius.
1075 563 1078 565 >

247 595 382 628 Eodem
405 604 506 628 anno.
531 613 573 618 --
596 594 770 627 Hem-icus
793 594 837 626 de
862 593 995 626 Cellola
1023 598 1058 626 et
1073 592 1230 626 homines
1253 593 1297 626 de
1322 592 1518 636 Savignano
1535 592 1706 624 dederunt
1723 602 1758 624 se
1776 591 1914 624 comuni
1936 590 2003 623 Bo-

160 656 296 679 nomae.

248 696 442 730 M.CXLV.
467 714 509 719 -—
532 696 628 729 Obiit
649 706 740 738 papa
762 695 892 728 Lucius
923 695 966 727 de
1000 695 1102 728 domo
1134 694 1485 733 Chazzanimicorum‚
1518 693 1604 726 civis
1626 693 1814 731 Bononiae,
1838 693 1897 735 qui
1919 698 2003 725 tunc

80 751 138 782 -10
161 750 375 783 vocabantur
397 750 449 782 illi
473 749 517 782 de
540 748 563 781 1¹
572 749 670 782 Orso.

247 802 476 836 M.CXLVII.
501 820 542 825 —-
566 802 697 835 Civitas
719 802 895 834 Bononiae
920 801 1099 835 combusta
1122 801 1188 834 fuit
1210 801 1246 833 in
1269 801 1461 843 septimana
1484 805 1613 833 sancta.

248 855 423 889 M.CLIII.
448 874 490 879 —-
515 855 702 888 Im01enses
726 855 898 887 dederunt
921 865 957 887 se
982 860 1017 887 et
1045 855 1221 887 civitatem
1245 854 1374 886 Imolae
1399 854 1537 886 comuni
1560 853 1747 886 Bononiae.

250 909 385 942 Eodem
408 918 509 941 anno.
534 927 575 932 —
598 907 695 951 Papa
716 906 919 940 Alexander
941 907 1007 940 fuit
1031 907 1206 950 depositus
1222 907 1265 940 ab
1283 906 1476 940 Octaviano
1500 906 1695 938 scismatico
1719 911 1754 938 et
1777 905 1913 938 duravit
1935 916 2006 937 ma-

160 973 266 1007 gnum
291 963 416 995 scisma
437 971 533 1003 xan
555 962 663 994 annis.

0 1047 6 1062 ὲ,
99 1015 137 1049 15
248 1015 438 1048 M.CLIIII.
463 1033 505 1038 —-
529 1015 659 1048 Civitas
682 1011 809 1047 Imolae
834 1020 936 1057 capta
958 1014 1025 1047 fuit
1047 1025 1068 1046 a
1090 1013 1364 1046 Bononiensibus
1393 1018 1428 1046 et
1451 1013 1619 1046 destructi
1642 1013 1784 1045 fuerunt
1806 1012 1895 1044 muri
1920 1011 2006 1044 civi-

0 1072 3 1089 '
160 1069 240 1102 tatis
262 1075 297 1102 et
320 1069 495 1111 splanatae
519 1078 638 1101 omnes
660 1068 783 1101 foveae
808 1073 843 1101 et
865 1073 1022 1110 portatae
1045 1067 1187 1100 fuerunt
1217 1073 1337 1109 portae
1360 1067 1466 1109 ipsius
1482 1066 1656 1099 civitatem
1672 1066 1718 1098 ad
1742 1059 1914 1098 civitatem
1939 1065 2007 1097 Bo-

162 1130 298 1152 nomae.

0 1177 6 1206 }
249 1170 408 1204 M.CLV.
433 1188 475 1194 —
497 1170 688 1203 Federicus
715 1170 904 1212 imperator
926 1169 1022 1202 venit
1037 1170 1074 1201 in
1098 1169 1231 1202 Italiam
1256 1174 1291 1201 et
1314 1168 1482 1201 destruxit
1499 1168 1686 1201 Cortonam
1711 1173 1746 1200 et
1769 1166 1947 1209 Spoletum
1972 1172 2006 1199 et

162 1224 225 1257 ivit
247 1224 396 1257 Romam
419 1229 454 1257 et
476 1224 543 1256 fuit
566 1229 749 1256 coronatus
771 1233 836 1264 per
861 1233 987 1265 papam
1009 1221 1212 1254 Adrianum.
1259 1222 1305 1253 Et
1336 1222 1430 1254 dicto
1453 1231 1544 1253 anno
1567 1221 1661 1253 visae
1685 1220 1826 1253 fuerunt
1849 1220 1885 1251 in
1909 1220 2009 1252 coelo

97 1279 140 1310 20
163 1283 233 1310 tres
257 1278 357 1310 lunae
389 1283 424 1310 et
454 1277 491 1309 in
517 1277 633 1309 medio
657 1275 840 1319 cujuslibet
864 1281 938 1308 erat
960 1286 1030 1308 una
1061 1285 1147 1308 crux
1169 1280 1204 1307 et
1226 1276 1347 1316 postea
1369 1274 1463 1306 infra
1485 1274 1661 1306 modicum
1685 1279 1820 1315 tempus
1843 1272 1907 1304 visi
1931 1272 2008 1304 fue-

162 1337 242 1363 runt
265 1331 301 1362 in
326 1330 425 1363 coelo
448 1335 518 1363 tres
540 1330 641 1363 soles.

250 1383 462 1416 M.CLVIII.
487 1402 529 1406 —
551 1383 787 1416 Bononienses
810 1382 1005 1415 habuerunt
1034 1386 1183 1427 castrum
1210 1379 1341 1412 Montis
1370 1379 1474 1412 Bellii
1506 1386 1540 1412 et
1571 1385 1720 1412 castrum
1744 1378 1884 1412 Oliveti.

250 1436 444 1470 M.CLXII.
469 1454 511 1458 —
534 1435 665 1469 Civitas
686 1435 880 1468 Mediolani
902 1435 970 1468 fuit
993 1434 1169 1467 destructa
1190 1440 1255 1476 per
1277 1433 1485 1466 Federicum
1509 1433 1763 1475 imperatorem,
1787 1432 1847 1475 qui
1871 1432 1917 1464 dev
1938 1432 2012 1474 ipsa

163 1490 251 1523 fecit
273 1495 420 1532 quatuor
442 1488 570 1533 burgos
576 1501 585 1527 3
610 1495 645 1521 et
667 1488 756 1521 fecit
777 1499 880 1520 unam
896 1487 1010 1532 legem
1026 1487 1122 1530 quod
1137 1485 1294 1519 volentes
1310 1486 1467 1519 laborare
1493 1486 1616 1518 darent
1633 1490 1787 1528 quartam
1803 1491 1937 1527 partem
1954 1496 2012 1518 ca·-

98 1542 139 1575 25
165 1554 281 1576 merae
305 1554 385 1575 suae
410 1543 454 1575 de
478 1542 572 1574 omni
595 1552 638 1575 eo
661 1542 755 1584 quod
777 1541 974 1574 laborantes
995 1541 1223 1573 lucrarentur.

251 1594 462 1629 M.CLXIII.
486 1613 527 1618 ——
559 1594 691 1628 Civitas
720 1594 897 1627 Bononiae
931 1594 1107 1627 destructa
1136 1592 1218 1626 fuit'
1250 1603 1314 1635 per
1348 1592 1555 1626 Federicum
1591 1592 1835 1634 imperatorem
1870 1591 2008 1633 praedi-

166 1652 480 1731 εωωΜΩΙιΧΙΙΙΙ.
505 1715 546 1720 -
569 1697 737 1729 Dominus
760 1696 875 1729 Guido
907 1696 951 1728 de
983 1695 1160 1729 Chanossa
1184 1696 1227 1728 de
1252 1695 1367 1739 Regio
1391 1695 1458 1728 fuit
1480 1700 1631 1737 potestas
1655 1694 1802 1726 civitatis
1824 1693 2012 1726 Bononiae.

164 1749 210 1784 Et
233 1757 315 1784 nota
337 1751 432 1794 quod
454 1750 527 1793 ipse
552 1750 618 1783 fuit
641 1750 771 1792 primus
794 1755 956 1792 potestas,
980 1759 1084 1791 quem
1107 1748 1228 1781 habuit
1250 1748 1418 1781 Bononia.

98 1806 141 1837 30
252 1804 387 1837 Eodem
410 1813 512 1836 anno.
537 1821 579 1826 —
601 1803 770 1835 Dominus
792 1803 896 1847 Boco,
921 1803 980 1845 qui
1003 1807 1078 1835 erat
1100 1802 1339 1834 locumtenens
1361 1802 1538 1834 Bononiae
1562 1811 1626 1844 pro
1650 1801 1745 1834 dicto
1761 1800 1933 1834 Federico
1948 1799 2013 1831 im-

163 1863 335 1900 peratore,
358 1857 426 1890 fuit
448 1863 604 1890 mortuus
626 1867 691 1899 per
713 1856 964 1889 Bononienses.

253 1910 387 1943 Eodem
410 1920 511 1942 anno.
535 1928 577 1933 —
600 1910 837 1942 Bononienses
859 1909 1055 1942 habuerunt
1078 1914 1227 1941 castrum
1252 1908 1343 1941 Gissi
1367 1908 1424 1940 die
1448 1917 1533 1949 me
1556 1907 1762 1940 decembris.

252 1962 464 1997 M.CLXVI.
489 1981 531 1986 —
554 1962 651 1996 Obiit
673 1962 732 1995 ille
764 1962 1012 1995 famosissimus
1042 1968 1077 1994 et
1108 1961 1415 1994 excellentissimus
1439 1961 1571 1999 doctor,
1596 1960 1754 1993 dominus
1776 1959 1942 2003 Bolgarus
1966 1958 2009 1991 de

165 2017 334 2061 Bulgaris‚
359 2017 446 2049 civis
468 2015 700 2055 bononiensis,
724 2022 759 2048 et
783 2015 937 2058 sepultus
959 2015 1027 2048 fuit
1049 2015 1095 2047 ad
1119 2014 1285 2047 Sanctum
1309 2014 1506 2047 Proculum.

99 2069 142 2103 35
254 2069 483 2104 M.CLXVII.
508 2088 550 2093 —
581 2069 864 2103 Mediolanenses
897 2069 1172 2101 aedificaverunt
1196 2068 1240 2100 de
1275 2077 1366 2100 novo
1388 2067 1625 2100 Mediolanum
1649 2073 1684 2100 et
1706 2066 1895 2099 Lombardi
1917 2065 2014 2098 fece-

166 2130 247 2156 runt
270 2124 375 2167 ligam
399 2123 445 2155 ad
467 2123 628 2155 invicem.

253 2176 501 2216 ¹M.CLXVIII.
526 2194 568 2199 —
591 2175 759 2220 Magnum
790 2175 961 2219 proelium
984 2175 1052 2207 fuit
1083 2175 1175 2208 inter
1197 2174 1409 2207 Faventinos
1435 2179 1471 2206 et
1499 2174 1735 2206 Bononienses
1765 2173 1857 2205 inter
1887 2171 2014 2204 flumen

117 2248 124 2252 -
168 2230 277 2263 Senni
300 2235 335 2263 et
359 2229 524 2262 Sanctum
547 2228 735 2262 Proculum
757 2229 794 2261 in
817 2229 994 2261 servitium
1012 2228 1161 2261 civitatis
1175 2227 1367 2260 Ravennae
1375 2239 1384 2266 ;
1410 2232 1445 2260 et
1467 2226 1563 2259 facta
1587 2226 1728 2259 fuerunt
1751 2231 1854 2268 pacta
1877 2235 1941 2267 per
1957 2233 2016 2255 co·-

167 2294 270 2316 mune
293 2283 470 2316 Bononiae
495 2293 574 2315 cum
599 2282 825 2315 Imolensibus
849 2282 893 2315 de
917 2282 1012 2314 facto
1037 2281 1158 2314 Sancti
1180 2281 1357 2314 Chassani.
1405 2281 1452 2313 Et
1475 2286 1558 2313 tunc
1581 2279 1802 2322 Prindiparte
1827 2283 1862 2311 et
1884 2277 2015 2310 Artini-

89 2339 144 2370 *40
167 2337 242 2369 xius
265 2341 364 2369 erant
387 2335 546 2368 consules
568 2335 717 2368 civitatis
739 2335 929 2368 Bononiae.

255 2388 449 2423 M.CLXX.
482 2407 524 2412 --
548 2388 678 2422 Civitas
701 2389 890 2422 Faventiae
922 2388 989 2421 fuit
1019 2388 1157 2421 obsessa
1187 2398 1252 2431 per
1281 2387 1518 2420 Bononienses
1549 2392 1584 2419 et
1614 2386 1709 2419 facta
1739 2385 1806 2417 fuit
1833 2394 1900 2427 pax
1923 2383 2015 2416 inter

167 2451 271 2485 ipsos.

255 2492 502 2526 M.CLXXIII.
528 2511 570 2516 —
593 2492 830 2526 Bononienses
853 2492 1048 2526 habuerunt
1072 2491 1283 2524 charocium.

255 2546 537 2579 M.CLXXVIII.
569 2564 611 2569 —
642 2546 812 2588 Captanei
845 2546 890 2578 de
924 2543 1056 2578 Albore
1092 2544 1264 2577 dederunt
1301 2549 1451 2576 castrum
1487 2541 1629 2576 Alboris
1659 2541 1798 2575 comuni
1828 2540 2016 2577 Bononiae,

104 2599 145 2632 45
169 2600 264 2643 quod
287 2605 361 2632 erat
383 2609 492 2641 prope
516 2599 673 2632 Castrum
696 2599 808 2632 sancti
829 2598 926 2631 Petri
950 2609 1053 2641 supra
1076 2603 1217 2630 stratam
1240 2597 1330 2629 ultra
1355 2596 1523 2629 Selerum.

257 2653 391 2685 Eodem
414 2662 515 2684 anno.
540 2671 582 2675 —
606 2652 702 2685 Obiit
723 2652 783 2684 ille
806 2652 1051 2684 famosissimus
1075 2651 1208 2690 doctor,
1232 2650 1390 2683 dominus
1414 2649 1616 2682 Guilielmus
1645 2648 1819 2685 Durantis,
1849 2646 1908 2689 qui
1931 2645 2018 2678 fecit

170 2705 369 2749 Speculum,
393 2711 428 2738 et
450 2705 602 2747 sepultus
623 2705 691 2738 suit
713 2705 749 2736 in
773 2705 923 2738 ecclesia
945 2705 1056 2737 sancti
1085 2703 1182 2737 Petri
1211 2703 1363 2746 Majoris.
1409 2703 1455 2736 Et
1482 2703 1577 2735 dicto
1607 2711 1698 2739 anno
1725 2711 1871 2734 comune
1903 2699 2016 2732 Bono-

169 2760 248 2792 niae
271 2759 391 2792 habuit
413 2764 562 2791 castrum
586 2758 725 2802 Ciglani
748 2764 783 2792 et
805 2758 948 2791 rocham
973 2758 1016 2790 de
1040 2758 1143 2802 Vigo.
1532 2753 1535 2756 ’

0 761 7 774 Ἰ-
0 693 3 706 *—
0 676 6 684 v
0 475 11 668 Μωμμςνν-ἿΝᾞῩἺ

0 1159 8 1233 -ι-ην

0 1465 5 1515 ἓ

0 1517 9 1558 ὲ

0 1558 7 1638 ἓ

0 1716 7 1850 ἱ

0 1851 6 1877 ε·

0 1925 10 2014 ἓ

0 2018 8 2058 {-

0 2059 12 2121 ἓ

0 2272 4 2284 ⁷

0 2396 5 2409 .

42 2422 59 2429 ,a

256 2873 274 2900 9
293 2866 581 2899 ehazzanimicorum]
600 2868 625 2891 si
642 2868 722 2900 Iegge
734 2867 803 2892 male
810 2865 909 2898 percha
921 2865 1107 2899 contraffhttOJ
1126 2863 1175 2889 cos)
1193 2864 1289 2890 accade
1307 2864 1378 2889 nella
1397 2864 1467 2889 linea
1486 2865 1607 2896 seguente
1619 2862 1692 2887 della
1706 2861 1807 2893 parola
1826 2859 1920 2885 l'Orso
1934 2871 1945 2877 ·
1958 2856 2019 2890 qul]

167 2910 258 2944 prima
270 2910 318 2936 I’a.
331 2917 420 2936 aveva
437 2910 530 2935 sermo
547 2917 631 2943 quae3
645 2911 695 2941 poi
713 2911 738 2946 (o
756 2910 790 2935 lta
808 2910 951 2938 cancellato
969 2908 1003 2933 ed
1019 2909 1052 2933 ba
1071 2908 1162 2933 scritto
1181 2907 1230 2940 qui

2073 388 2098 408 M
2101 394 2131 408 un

2082 1175 2157 1196 aba

2134 402 2149 412 .,
2167 389 2196 408 10⁴

2120 1580 2133 1601 6
2146 1581 2170 1604 ὸς

2113 1613 2162 1631 ux„
2178 1607 2196 1626 l(
