2196 3424
54 996 129 1019 Mum,
146 995 182 1015 12³

86 1155 180 1174 ‘'0³5“

91 1839 181 1863 6-3517

264 163 314 198 20
820 155 1105 191 MATTHAEI
1133 154 1203 189 DE
1233 154 1577 189 GRIFFONIBUS
1827 160 1910 196 [ΑΛ.
1928 165 2111 199 1271-1274]

348 292 481 325 Eodem
504 301 604 324 anno.
630 308 671 312 —
694 290 802 322 Facta
825 288 965 321 fuerunt
987 287 1227 320 ordinamenta
1256 285 1375 328 populi
1407 296 1486 319 cum
1517 285 1645 319 vexillo
1668 285 1843 329 justiciam
1874 294 1909 321 et
1930 289 1997 322 fuit
2019 290 2110 332 spia-

260 352 375 379 natum
400 350 546 377 castrum
571 343 759 386 Savignani
782 353 861 375 cum
885 341 1043 374 omnibus
1067 340 1197 378 castris,
1214 350 1303 382 quae
1320 343 1418 371 erant
1434 339 1521 372 citra
1537 338 1773 379 Scoltennam‚
1793 342 1984 375 secundum
2007 350 2111 386 pacta

260 410 347 442 quae
371 403 468 431 erant
490 398 580 430 inter
602 396 792 429 Bononiam
817 402 852 428 et
874 394 1056 427 Mutinam.

346 451 479 484 Eodem
502 460 603 483 anno.
628 468 670 472 —
692 449 860 482 Dominus
882 447 1060 481 Tebaldus
1084 447 1127 479 de
1157 446 1434 479 Vicecomitibus
1458 446 1501 478 de
1525 446 1707 480 Placentia
1729 447 1796 481 fuit
1822 448 1936 483 factus
1963 461 2054 493 papa
2076 457 2111 484 et

259 510 401 537 vocatus
423 503 491 535 fuit
516 503 702 547 Gregorius
726 502 892 535 decimus.
2157 503 2174 537 5

346 557 479 591 Eodem
504 566 605 589 anno.
629 574 671 579 —-
693 556 898 588 Destructae
923 555 1063 587 fuerunt
1088 554 1210 586 domus
1234 553 1364 585 domini
1389 553 1533 586 Soldani
1556 554 1600 586 de
1625 554 1781 587 Galuciis
1803 562 1944 598 propter
1966 564 2109 591 mortem

259 611 422 653 Filippini
446 610 490 643 de
517 611 681 643 societate
712 609 904 647 Branchae,
929 614 998 641 tam
1033 609 1070 640 in
1103 608 1242 640 civitate
1272 607 1450 640 Bononiae
1483 618 1585 650 quam
1609 608 1645 640 in
1673 608 1757 641 villa
1779 610 1878 642 Funi.
1925 611 1972 643 Et
1993 611 2111 644 subse-

258 670 403 708 quenter
436 664 567 697 factum
595 664 661 696 fuit
691 664 914 696 interdictum
945 662 1104 695 omnibus
1140 661 1356 704 magnatibus
1387 662 1481 704 quod
1512 672 1580 694 non
1612 667 1753 704 possent
1783 663 1834 695 ire
1864 664 1900 696 in
1931 675 2008 697 rure
2043 676 2129 706 nec⁴

256 718 444 750 ascendere
467 717 638 760 palacium
661 723 802 759 propter
824 717 914 749 mala
937 726 1044 758 opera
1066 721 1274 758 magnatum,
1302 726 1391 757 quae
1423 715 1593 748 fatiebant
1615 715 1744 749 cotidie
1768 721 1889 750 contra
1917 718 2110 760 populares,

256 770 441 813 acipiendo
464 771 529 803 sibi
551 771 711 803 mulieres
735 776 770 802 et
792 770 901 803 multa
924 770 991 802 alia
1013 769 1104 801 mala
1127 768 1295 806 fatiend0,
1320 779 1407 810 quae
1432 768 1639 801 videbantur
1660 769 1900 803 intolerabilia.
2137 772 2176 804 10

344 823 604 857 M.CCLXXII.
629 843 671 847 —
695 824 862 857 Dominus
892 823 1073 856 Luchinus
1104 823 1147 855 de
1182 822 1360 856 Gataluxis
1383 823 1427 855 de
1451 822 1564 866 janua
1585 823 1653 855 fuit
1675 829 1827 865 potestas
1849 824 2037 858 Bononiae.

343 878 478 911 Eodem
501 888 602 911 anno.
620 897 662 901 —
677 878 757 910 Rex
772 878 930 916 Hentius,
946 877 1036 909 filius
1055 876 1218 909 Federici
1240 875 1466 918 imperatoris,
1490 876 1550 919 qui
1574 877 1735 910 detentus
1758 883 1832 910 erat
1853 878 1890 910 in
1914 879 2111 912 carceribus

254 932 441 971 Bononiae,
465 932 551 965 obiit
573 938 681 965 morte
710 932 857 965 naturali
887 932 923 964 in
955 943 1096 964 carcere
1129 931 1320 964 communis
1347 930 1536 970 Bononiae,
1561 930 1617 963 die
1642 940 1726 972 ΧΗῙ]
1747 932 1874 964 mensis
1895 932 2025 971 martii3
2052 934 2111 977 qui

257 985 411 1018 steterat'
442 995 522 1027 XX1J
551 987 650 1019 annis
680 992 715 1019 et
747 997 870 1019 novem
901 986 1076 1019 mensibus
1108 990 1143 1018 et
1174 995 1225 1017 xx
1256 985 1379 1018 diebus
1407 985 1444 1017 in
1484 984 1691 1018 carceribus.
1738 986 1784 1018 Et
1810 985 1878 1018 fuit
1904 985 2111 1020 balsematus

255 1044 291 1071 et
311 1039 464 1082 sepultus
486 1039 532 1072 ad
555 1039 738 1073 ecclesiam
754 1040 865 1073 sancti
881 1039 1057 1072 Dominici
1073 1040 1118 1072 de
1136 1039 1294 1072 Bononia
1310 1049 1389 1071 cum
1413 1039 1561 1071 maximo
1584 1038 1714 1071 honore
1738 1039 1898 1081 expensis
1921 1040 2111 1075 communis
2138 1039 2175 1072 15

255 1088 442 1124 Bononiae.

344 1141 478 1176 Eodem
502 1153 603 1176 anno.
627 1161 669 1166 —
695 1142 848 1181 Quidam
871 1147 1080 1176 mercatores
1105 1141 1277 1175 derobati'
1301 1142 1443 1174 fuerunt
1468 1142 1504 1174 in
1537 1142 1686 1185 quodam
1710 1142 1818 1175 busco
1841 1146 1966 1175 vocato
1988 1142 2111 1176 Herba

253 1194 364 1236 verde,
389 1196 482 1238 quod
506 1201 557 1229 est
577 1196 672 1239 juxta
703 1197 854 1230 confinia
884 1202 918 1229 et
950 1201 1079 1229 turrem
1113 1196 1277 1229 comitum
1307 1194 1530 1228 Albertorum
1561 1196 1605 1228 de
1636 1195 1802 1239 Mogono,
1832 1206 1896 1238 per
1926 1196 2110 1240 quemdam

254 1246 298 1279 de
330 1247 432 1281 dictis
466 1249 656 1282 comitibus.
704 1249 786 1287 Qua
816 1250 859 1282 de
892 1261 996 1282 causa
1018 1250 1178 1282 dominus
1199 1254 1351 1291 potestas
1383 1260 1462 1281 cum
1494 1248 1627 1282 duabus
1658 1248 1880 1282 societatibus
1902 1249 2040 1282 iverunt
2065 1250 2111 1282 ad

255 1305 403 1332 castrum
426 1300 563 1345 Piglani
586 1303 756 1335 dictorum
789 1304 951 1336 comitum
977 1308 1011 1335 et
1043 1308 1213 1344 ceperunt
1244 1307 1279 1335 et
1310 1303 1552 1335 destruxerunt
1575 1301 1662 1334 illud
1693 1307 1728 1334 et
1759 1302 1862 1334 etiam
1894 1307 2006 1335 castra
2025 1302 2110 1335 Bar-
2133 1304 2176 1335 20

253 1352 378 1395 gat-iae,
402 1353 593 1398 Castigluni
618 1356 662 1388 de
686 1356 781 1389 Gatti
805 1362 839 1389 et
861 1356 1030 1389 Bruscoli.
1077 1356 1123 1388 Et
1147 1356 1228 1388 dum
1253 1356 1368 1388 dictus
1392 1360 1544 1398 potestas
1571 1360 1661 1388 esset
1683 1355 1719 1387 in
1742 1354 1900 1398 Piglano,
1927 1355 2002 1398 ipse
2025 1355 2112 1389 fecit

254 1405 355 1440 citari
378 1408 522 1443 comites
543 1408 778 1449 Guillelmum‚
801 1410 1063 1452 Neapoleonem
1088 1415 1123 1442 et
1148 1407 1387 1442 Alexandrum
1412 1409 1455 1441 de
1481 1407 1585 1441 dictis
1616 1408 1809 1447 comitibus,
1834 1409 1929 1451 quod
1951 1409 2111 1442 venirent
2146 1406 2149 1409 ’

253 1458 299 1491 ad
321 1460 484 1495 mandata
506 1463 699 1495 communis
720 1463 910 1502 Bononiae,
933 1462 1018 1495 alias
1041 1467 1256 1504 ponerentur
1278 1462 1315 1494 in
1332 1462 1448 1495 banno
1471 1472 1534 1504 pro
1558 1461 1758 1494 homicidio.

342 1512 477 1548 Eodem
499 1525 601 1548 anno.
626 1533 668 1539 —
690 1514 938 1560 Alberghettus
961 1516 1006 1548 de
1029 1515 1180 1558 Pepolis,
1204 1515 1293 1548 filius
1305 1515 1387 1548 olim
1405 1516 1536 1548 domini
1559 1514 1734 1547 Zohennis
1758 1515 1802 1547 de
1833 1514 1983 1557 Pepolis,
2006 1525 2111 1558 super

253 1564 389 1608 placola
410 1567 522 1600 sancti
545 1567 713 1611 Stephani
735 1569 914 1602 interfecit
935 1569 1120 1602 Bonettum
1145 1569 1188 1601 de
1210 1567 1351 1601 Andalb
1379 1573 1415 1601 et
1437 1568 1632 1601 vulneravit
1653 1567 1821 1600 famulum
1843 1568 1950 1610 ipsius
1979 1568 2110 1602 Bonitti
2132 1567 2174 1601 25

255 1623 290 1649 et
311 1618 542 1654 incontinenti
565 1621 701 1666 aufugit
722 1623 759 1655 in
783 1623 957 1655 Fer-ariam
989 1628 1024 1655 et
1053 1622 1148 1655 stetit
1179 1623 1215 1654 in
1247 1622 1397 1655 Feraria.
1443 1622 1490 1654 Et
1514 1622 1596 1665 quia
1626 1627 1724 1663 pater
1754 1626 1789 1653 et
1819 1621 1878 1654 alii
1902 1622 1946 1655 de
1969 1621 2110 1664 Pepolis

253 1676 351 1704 erant
372 1673 488 1716 magni
512 1679 547 1707 et
568 1680 728 1718 potentes
751 1687 792 1709 ac
817 1676 952 1715 divites,
976 1686 1096 1708 omnes
1120 1676 1164 1708 de
1188 1675 1291 1708 domo
1315 1676 1359 1708 de
1382 1674 1522 1707 Andalo
1546 1674 1828 1707 deliberaverunt
1850 1674 1970 1707 facere
1985 1685 2109 1717 pacem

253 1723 297 1756 de
320 1730 429 1759 morte
451 1726 559 1769 ipsius
579 1727 730 1768 Bonetti‚
755 1729 799 1762 de
823 1740 892 1772 qua
921 1740 1010 1771 pace
1041 1729 1093 1761 illi
1117 1729 1160 1761 de
1190 1728 1331 1770 Pepolis
1361 1729 1538 1762 modicum
1569 1727 1755 1765 curabant;
1786 1733 1902 1760 tamen
1924 1727 2021 1762 facta
2042 1727 2110 1762 fuit

255 1776 350 1810 dicta
371 1788 451 1819 pax,
474 1790 578 1822 quam
601 1791 721 1814 omnes
744 1783 974 1816 communiter
996 1782 1169 1819 vocabant
1193 1793 1266 1814 esse
1290 1792 1414 1824 pacem
1439 1781 1609 1814 caninam.

343 1829 621 1867 M.CCLXXIII.
645 1853 688 1858 —-
710 1835 880 1868 Dominus
903 1835 1090 1868 Guidestus
1115 1835 1159 1867 de
1182 1834 1404 1867 Pontecarali
1427 1835 1494 1867 fuit
1515 1839 1668 1876 potestas
1689 1833 1867 1867 Bononiae
1892 1839 1927 1867 et
1950 1834 2108 1867 dominus
2131 1835 2175 1868 30

253 1882 403 1925 Jacobus
424 1884 672 1930 Laneavechia
694 1888 738 1921 de
761 1887 977 1922 Alexandria
999 1888 1067 1920 fuit
1090 1888 1291 1931 capitaneus
1314 1888 1435 1931 populi
1458 1886 1649 1920 Bononiae.

341 1937 476 1971 Eodem
500 1950 602 1973 anno.
626 1959 669 1964 —
692 1941 930 1975 Bononienses
953 1942 1116 1974 fecerunt
1147 1942 1337 1974 exercitum
1371 1946 1491 1974 contra
1518 1940 1707 1973 Forlivium
1737 1941 1781 1973 de
1812 1951 1930 1974 mense
1954 1941 2048 1983 maji3
2073 1947 2109 1975 et

252 1988 334 2021 dum
358 1997 471 2026 essent
500 1991 537 2025 in
569 1993 664 2027 dicto
692 1995 857 2033 exercitu,
881 2001 943 2027 rex
973 1993 1212 2038 Inghilterrae,
1244 1993 1303 2037 qui
1333 1993 1497 2027 veniebat
1521 1993 1564 2026 de
1589 1993 1679 2026 ultra
1712 2004 1817 2032 mare,
1841 1994 1938 2026 venit
1964 1999 1999 2027 et
2022 1993 2108 2027 fecit

252 2042 377 2075 multos
399 2043 525 2078 milites
547 2046 583 2078 in
606 2047 683 2089 ipso
707 2048 873 2081 exercitu.

340 2095 475 2133 Eodem
498 2108 600 2134 anno·
617 2117 660 2123 -·
674 2099 780 2134 Multi
804 2106 840 2134 et
861 2100 960 2134 multi
984 2100 1118 2133 banniti
1143 2105 1177 2132 et
1201 2100 1423 2133 condemnati
1447 2100 1588 2132 fuerunt
1611 2105 1753 2142 propter
1776 2100 1884 2133 multa
1906 2099 1996 2134 mala
2018 2111 2106 2144 quae
2131 2098 2172 2133 35

250 2147 378 2182 fiebant
385 2161 394 2187 ;
418 2150 508 2184 inter
531 2162 617 2195 quos
639 2152 707 2187 fuit
728 2153 896 2192 Ursellus,
927 2153 1016 2186 filius
1047 2153 1228 2186 bastardus
1264 2153 1395 2186 domini
1418 2153 1541 2196 Jacobi
1573 2153 1616 2186 de
1649 2152 1915 2197 Chacanifflcis,
1947 2153 2108 2187 Flamen-

249 2200 375 2244 ghinus
396 2202 544 2239 Blanchi
567 2205 779 2251 Chorecarii,
797 2202 878 2250 quia
892 2206 984 2240 malo
1007 2207 1111 2239 modo
1134 2206 1386 2239 interfecerant
1409 2206 1594 2249 quemdam
1617 2216 1774 2248 puerum,
1797 2206 1905 2240 filium
1927 2205 2108 2251 Peregrini

252 2253 295 2286 de
320 2254 523 2297 Guilielmis,
546 2258 592 2291 ad
613 2269 737 2301 preces
760 2259 927 2303 Johannis
950 2259 994 2292 de
1019 2259 1223 2298 Guilielmis,
1247 2259 1364 2292 fratris
1380 2259 1465 2292 dicti
1481 2259 1591 2302 pueri,
1607 2265 1749 2302 propter
1763 2259 1941 2299 invidiam,
1957 2259 2107 2293 volendo

251 2307 345 2349 quod
367 2315 478 2344 mater
500 2321 560 2345 sua
582 2312 770 2346 redimeret
793 2324 882 2346 eum.

337 2361 472 2395 Eodem
495 2374 597 2403 anno,
615 2365 658 2398 de
682 2376 800 2399 mense
824 2366 1031 2400 novembris.
1050 2385 1092 2389 —
1115 2366 1212 2399 Obiit
1235 2366 1395 2400 dominus
1410 2366 1561 2409 Jacobus
1577 2366 1620 2399 de
1645 2365 1869 2399 Samaritanis
1892 2371 1928 2400 et
1953 2366 2107 2409 sepultus
2129 2367 2172 2399 40

249 2412 318 2446 fuit
338 2414 384 2446 ad
407 2414 574 2450 Sanctum
598 2418 834 2453 Franciscum.

337 2466 631 2504 MCCLXXIIII.
649 2490 691 2495 —
707 2472 875 2506 Dominus
899 2473 1106 2507 Guilielmus
1130 2474 1174 2507 de
1197 2473 1356 2507 Posterla
1379 2474 1423 2506 de
1440 2473 1643 2511 Mediolano
1659 2473 1727 2506 fuit
1749 2478 1902 2516 potestas
1915 2473 2105 2507 Bononiae.

341 2520 476 2554 Eodem
498 2533 601 2556 anno.
619 2541 661 2547 —
676 2523 761 2560 Pars
785 2525 1062 2560 Ghibellinorum
1087 2532 1122 2560 et
1144 2526 1466 2560 Lambertaciorum
1492 2528 1535 2559 de
1558 2527 1718 2560 Bononia
1739 2527 1807 2560 fuit
1830 2526 1973 2569 expulsa
1995 2527 2040 2560 de
2056 2527 2107 2560 ci-

250 2573 355 2606 vitate
379 2574 556 2611 Bononiae
580 2577 637 2610 die
661 2579 816 2611 secundo
836 2578 924 2622 junii
948 2585 983 2612 et
1005 2579 1187 2623 fugierunt
1209 2580 1411 2613 Faventiam
1437 2586 1472 2613 et
1495 2580 1637 2614 fuerunt
1653 2579 1786 2622 expulsi
1809 2590 1830 2612 a
1852 2585 1951 2621 parte
1974 2579 2104 2624 guelfa,

251 2631 285 2658 et
307 2636 329 2658 a
350 2632 422 2659 toto
445 2629 575 2670 populo
598 2629 813 2664 bononiensi.
860 2630 933 2670 Qui
957 2632 1149 2667 Ghibellini
1173 2633 1307 2675 expulsi
1331 2633 1474 2666 fuerunt
1504 2633 1595 2666 ultra
1625 2635 1702 2665 xntn
1724 2633 1892 2665 homines.
1938 2632 1986 2666 Et
2016 2632 2104 2666 haec
2127 2631 2169 2665 45

249 2678 317 2711 fuit
350 2680 462 2722 prima
493 2681 648 2723 expulsio
679 2684 786 2726 partis
816 2684 1148 2720 Lambertaciorum.
1195 2686 1241 2719 Et
1272 2686 1395 2719 modus
1425 2685 1492 2719 fuit
1523 2686 1603 2719 iste:
1636 2686 1718 2729 quia
1748 2686 1792 2718 de
1823 2696 1942 2718 mense
1978 2685 2104 2728 aprelis

249 2731 444 2765 ordinatum
479 2733 593 2767 fuerat
626 2735 721 2777 quod
754 2737 849 2779 apud
882 2737 1072 2770 Forlivium
1106 2738 1206 2771 fieret
1240 2738 1412 2772 exercitus
1442 2744 1477 2771 et
1507 2749 1588 2780 pars
1613 2737 1934 2771 Lambertaciorum
1962 2738 2104 2773 dolebat

252 2783 296 2815 de
331 2785 484 2817 exercitu
519 2791 553 2818 et
587 2797 667 2828 pars
698 2787 913 2831 jeremiensis
946 2789 1132 2833 gaudebat.
1179 2790 1226 2823 Et
1257 2790 1302 2824 ob
1333 2791 1371 2824 id
1401 2791 1579 2833 inceptum
1614 2790 1682 2825 fuit
1718 2790 1888 2833 proelium
1920 2790 1957 2824 in
1987 2790 2103 2833 platea

249 2835 341 2868 inter
363 2836 509 2870 Guelfos
532 2843 566 2870 et
590 2839 806 2873 Ghibellinos
829 2847 864 2874 et
886 2842 1034 2884 populus
1050 2843 1164 2875 trassit
1186 2843 1232 2875 ad
1255 2854 1360 2876 arma.
1399 2843 1446 2876 Et
1468 2843 1703 2876 Lambertacii
1726 2843 1959 2876 ascenderunt
1983 2843 2103 2876 domos

340 2936 419 2962 40-41
441 2930 602 2957 Eodem....
621 2931 811 2965 Franciscum]
829 2941 897 2966 agg.
907 2932 958 2966 pin>
970 2934 1049 2967 tardi
1059 2948 1092 2952 —
1106 2940 1139 2967 43
1155 2934 1260 2960 Eodem
1273 2934 1360 2968 anno]
1373 2935 1399 2960 in
1412 2936 1536 2968 margine
1549 2933 1598 2960 v'ae}
1612 2935 1757 2970 unsszquila,
1771 2935 1886 2968 inagna
1899 2936 1944 2961 dei
1956 2935 2102 2964 Ghibellini
