2242 3418
205 695 237 722 10

274 161 343 197 116

264 293 331 319 delli
348 292 464 326 SIgnori
484 291 579 317 Sedeci
593 289 634 315 del
648 289 837 322 ReggImento
850 287 880 313 di
894 286 1022 320 Bologna
1033 284 1166 310 Floriano

266 337 415 368 Ghriffoni,
434 337 465 361 in
483 336 564 360 luoco
578 334 607 359 di
621 333 770 359 Giovannl
783 331 927 363 Ghrifimi,
940 330 962 356 u
979 329 1058 363 quale
1075 335 1166 361 perse-

265 381 332 406 vero
350 381 399 413 poi
411 380 640 406 continuamente
652 377 839 410 Maggistrato
854 376 952 401 insino
972 374 997 399 al
1010 381 1083 399 anno
1099 379 1167 405 1439

264 433 341 450 come
359 424 388 449 di
406 423 451 449 cio
469 431 504 448 ne
521 424 618 448 consta
635 423 662 447 et
681 422 705 446 si
719 421 787 446 vede
804 420 877 445 nella
894 419 1013 445 Camera
1025 418 1089 443 dalli
1102 418 1166 442 Atti

264 469 301 493 dil
320 475 423 494 comun
441 467 469 492 di
486 467 619 499 Bologna.

352 511 478 537 Recordo
496 518 574 536 come
592 510 635 535 del
654 517 729 535 anno
752 515 819 541 1439
836 508 867 533 fu
886 508 915 533 di
930 515 1025 533 nuovo
1051 506 1164 531 reducto

264 557 307 582 nel
325 564 376 582 suo
394 556 455 581 loco
474 555 518 580 del
536 562 650 580 numero
669 554 734 579 delli
753 553 870 586 Signorl
883 552 977 578 Sedeci
995 551 1037 576 del
1062 550 1165 584 Reggi-

265 603 359 626 mento
378 600 406 625 di
424 600 549 633 Bologna
568 599 713 624 Giovanni
732 597 874 628 Ghrifoni‚
893 598 920 621 et
938 596 1031 621 l'anno
1048 601 1114 627 1443
1134 594 1165 620 fu

261 646 311 678 poi
329 644 527 674 riconfirmato,
549 644 570 668 il
588 643 667 676 quale
685 641 830 675 persevero
855 641 906 673 poi
933 640 1164 666 continuamente

264 690 309 715 nel
321 689 510 722 Maggistrato
523 688 602 713 Insin
615 688 664 712 che
682 687 721 712 lui
735 687 817 716 visse,
830 687 858 711 et
869 685 900 710 fu
913 685 953 710 lui
967 691 1023 710 uno
1037 683 1069 708 de
1081 682 1164 716 quelli

265 734 382 767 Signori
395 733 490 758 Sedecl
502 732 552 757 che
571 732 597 757 al
618 734 712 763 tempo
727 731 757 755 di
770 730 883 755 Nicollo
946 736 996 754 ‚no
1014 729 1040 754 si
1053 726 1164 753 ritrovo

265 786 281 803 a
298 778 362 803 dare
374 779 474 802 conten
487 776 516 801 di
529 776 640 808 Poggio
654 775 727 800 Ro..
736 793 742 800 .
751 792 758 800 .
772 782 789 799 a
801 773 894 799 Guido
909 773 1069 797 d’Antonio
1082 772 1164 796 Lam-

265 822 376 847 bertino
394 822 443 846 che
460 820 491 846 fu
510 820 553 845 del
577 827 653 845 anno
682 826 757 851 1441,
776 825 856 843 come
881 818 910 842 di
934 816 979 842 cio
1003 817 1030 841 si
1048 816 1118 841 vede
1134 817 1165 840 et

264 868 347 891 trova
365 865 436 891 nella
454 865 574 890 camera
591 864 659 889 dalli
678 864 743 888 Atti
761 863 798 887 dil
816 869 917 888 comun
936 861 965 886 di
980 860 1118 893 Bologna,
1138 860 1164 884 al

206 916 236 943 15
263 911 336 936 libro
346 910 467 935 Fantino
479 916 496 933 a
505 909 579 933 carte
591 915 634 941 99,
648 908 668 932 il
681 907 761 940 quale
775 906 922 932 Giovannl
937 905 1079 931 Ghriffoni
1092 912 1164 930 mor-

206 1215 242 1243 20

207 1758 243 1785 30

209 1967 243 1995 35

210 2181 245 2208 40

212 2393 246 2420 45

265 962 294 979 se
313 955 361 987 poi
380 954 473 978 l'anno
492 953 536 978 del
557 951 633 985 1446.

352 1041 481 1067 Recordo
499 1048 578 1065 come
595 1039 637 1064 del
655 1046 730 1064 anno
753 1045 819 1071 1315
845 1045 937 1064 morse
957 1038 996 1063 M.
1015 1036 1163 1064 Giovanni

423 1215 464 1248 11,
488 1224 595 1248 caan.
622 1213 888 1246 BALDAssARRE
910 1211 1025 1245 CossA
1048 1219 1210 1243 CONcEnE
1232 1218 1258 1241 A
1281 1209 1442 1241 MATTEO
1467 1207 1651 1240 GRIFFONI
1676 1216 1714 1238 IL
1737 1214 1959 1238 PATRONATO

1043 151 1340 190 APPENDICE

1220 282 1361 308 Ghriffoni
1379 280 1401 307 il
1417 280 1496 313 quale
1507 287 1554 305 era
1565 279 1676 304 dottore
1688 279 1720 305 di
1738 279 1878 304 MedIcina
1889 286 1904 303 e
1917 275 2061 303 Pauo-oio
2074 282 2117 301 ec-

1219 324 1330 355 ceknte,
1349 325 1377 348 et
1394 320 1415 348 il
1434 323 1527 355 primo
1546 322 1576 347 di
1593 321 1625 346 de
1649 322 1747 354 agusto
1771 320 1812 346 dn
1835 320 1900 346 deto
1923 326 2000 346 anno
2023 317 2054 343 fu
2076 324 2117 343 se·

1218 366 1299 398 pulte
1317 366 1348 390 in
1366 372 1388 390 s.
1406 364 1565 390 Domenico
1584 370 1663 388 come
1682 362 1788 388 anchor-
1805 362 1891 396 hoggi
1909 361 1939 387 di
1957 362 1984 386 si
2003 359 2072 385 vede
2091 359 2118 383 la

1216 415 1267 433 sua
1285 407 1428 439 sepoltura
1445 405 1489 431 nel
1501 405 1597 438 primo
1609 405 1763 430 inclaustro
1782 406 1864 438 posta
1876 411 1910 429 ne
1923 404 1949 428 la
1961 402 2058 435 loggia
2069 401 2117 426 che

1217 448 1231 475 ὲ
1251 449 1356 475 indrito
1375 448 1401 473 al
1421 448 1499 473 usc10
1517 447 1567 472 che
1586 449 1665 472 entra
1683 447 1746 472 nela
1763 446 1867 472 chiesa.

1303 489 1433 515 Recordo
1452 496 1532 515 come
1549 489 1591 514 del
1610 495 1684 514 anno
1703 495 1768 522 1439
1778 486 1788 504 ¹
1802 495 1894 513 morse
1907 487 1946 514 M.
1958 487 2117 512 Francesco

1216 533 1332 567 figliollo
1351 532 1381 557 di
1399 531 1543 557 LudovIco
1556 528 1603 564 gia
1615 531 1647 555 de
1660 530 1774 555 Matheo
1792 530 1826 554 de
1838 529 1981 555 Guiduzzo
1994 527 2118 554 Ghriffo-

1217 576 1257 606 ni,
1277 575 1297 600 u
1315 575 1394 609 quale
1411 581 1458 599 era
1475 574 1588 599 dottore
1606 573 1637 598 in
1650 572 1723 605 leggi
1735 572 1916 597 eccleslutice
1927 573 1954 597 et
1966 578 2014 596 era
2025 570 2118 603 prette

1218 620 1246 643 et
1264 619 1371 643 haveva
1388 616 1437 642 dui
1455 616 1616 642 canonicati
1630 612 1693 640 cioe
1706 621 1764 640 uno
1777 613 1850 639 nella
1861 613 1954 639 chiesa
1967 613 1998 638 di
2011 619 2034 638 ι.
2054 612 2118 637 Ple-

1217 664 1262 687 tro
1280 662 1310 687 di
1329 660 1455 694 Bologna
1473 662 1501 685 et
1518 659 1608 685 l’altro
1627 659 1699 684 nella
1716 658 1809 684 chiesa
1827 658 1857 683 di
1869 665 1890 684 s.
1905 656 2032 682 Michelle
2050 655 2119 681 dalle

1217 705 1355 735 Proseste,
1375 703 1396 728 il
1415 703 1495 735 quale
1513 701 1544 727 fu
1563 701 1672 733 sepulto
1691 701 1723 725 in
1741 708 1763 726 s.
1783 699 2006 733 Petronio‘nella
2025 699 2121 724 nostra

1216 746 1323 779 capella
1341 746 1370 770 in
1389 752 1445 770 uno
1465 744 1605 776 Deposito
1623 743 1671 768 che
1690 750 1707 768 a
1724 742 1789 775 quel
1801 744 1896 774 tempo
1909 742 1936 767 sl
1948 748 2034 767 usava
2046 749 2064 767 a
2076 747 2122 766 fle-

1217 789 1303 821 pelire
1321 789 1342 813 li
1361 787 1469 812 Nobilli
1489 786 1554 812 nelli
1573 785 1708 817 depositi3
1727 785 1754 809 la
1770 784 1851 817 quale
1870 785 1966 809 nostra
1983 783 2086 816 capella
2105 782 2120 809 δ

1217 830 1364 856 intitulata
1381 837 1403 854 s.
1422 828 1578 853 Vincentio
1596 826 1766 857 confessore,
1785 826 1812 851 la
1824 827 1905 858 quale
1917 823 1932 850 ὲ
1950 825 2021 850 dalla
2032 825 2122 850 banda

1217 873 1307 898 destra
1325 879 1342 897 a
1360 871 1479 904 pai-tirsi
1498 870 1542 896 dal
1560 870 1646 894 altare
1666 869 1809 901 maggiore
1827 870 1855 893 et
1873 868 1971 893 venire
1990 867 2021 893 in
2040 874 2121 892 verso

1217 913 1241 940 le
1265 916 1347 947 porte
1371 913 1443 940 dalla
1466 914 1560 945 piazza
1583 912 1611 936 la
1635 911 1714 943 quale
1738 911 1775 936 ha
1795 911 1819 936 le
1838 910 1950 936 finestre
1967 909 2017 935 che
2041 916 2123 944 guar-

1217 958 1291 983 dano
1311 963 1328 981 a
1345 955 1486 981 riscontro
1505 953 1574 978 delle
1591 953 1709 986 boteghe
1725 953 1754 978 et
1777 952 1931 978 casamenti
1956 951 1999 978 del
2016 953 2121 985 Hospi-

1216 999 1280 1024 talle
1298 998 1369 1024 dalla
1387 998 1480 1023 Morte
1505 997 1534 1022 et
1552 994 1567 1021 ὲ
1584 996 1677 1029 glusto
1690 994 1723 1019 de
1747 993 1837 1020 drieto
1857 994 1901 1019 dal
1914 995 2061 1027 Pergamo,
2078 1001 2123 1020 ιο-

1217 1047 1269 1074 pra
1286 1039 1307 1065 11
1329 1039 1393 1072 qual
1414 1041 1439 1065 si
1458 1039 1583 1071 predica.

800 1262 1061 1297 SULL’ALTARE
1083 1269 1202 1293 DELLA
1224 1260 1351 1293 Cnoca
1372 1269 1432 1291 DEI
1458 1258 1571 1291 SANTI
1584 1257 1596 1274 ²

267 1393 386 1428 [Mathei
395 1393 427 1418 de
440 1393 614 1419 Griffonibus
626 1400 710 1425 super
722 1393 874 1425 patronatu
886 1390 982 1416 altaris
1001 1390 1090 1415 crucis
1107 1395 1169 1414 san-

355 1439 466 1463 ctorum
485 1437 611 1462 civitatis
630 1435 780 1469 BononIe].

355 1506 532 1531 BALDASSAR
552 1505 647 1531 Cossa
665 1504 848 1529 miseratione
861 1503 958 1528 divina
969 1501 1060 1527 sancti
1072 1501 1169 1526 Eusta-

269 1548 326 1573 chii
343 1547 478 1572 dlaconus
495 1546 644 1572 cardinalis
669 1545 821 1578 apostolice
842 1545 916 1570 sedis
939 1544 1043 1577 legatus
1067 1550 1098 1568 ac
1116 1544 1171 1568 Bo-

269 1590 356 1615 nonie
374 1591 424 1615 etc.
444 1597 496 1622 pro
515 1589 611 1614 sancta
635 1595 752 1613 romana
776 1587 899 1612 Ecclesia
924 1587 954 1611 in
973 1584 1170 1618 spiritualibus

269 1634 297 1657 et
314 1632 516 1664 temporalibus
529 1631 651 1657 vicarius
662 1630 808 1664 generalis,
821 1630 933 1655 Dilecto
946 1629 1030 1654 nobis
1043 1629 1073 1653 in
1087 1627 1171 1654 Chri-

269 1677 313 1700 sto
332 1674 444 1700 Matheo
462 1673 603 1706 quondam
622 1672 759 1699 Guiducil
776 1672 809 1697 de
822 1671 998 1697 Griffonibus
1010 1671 1069 1696 civi
1082 1671 1170 1695 bono-

269 1718 363 1743 nIensi
381 1717 500 1742 salutem
519 1718 550 1741 in
569 1716 707 1741 Domino.

359 1759 474 1785 Sincere
493 1758 654 1783 devocionis
672 1757 786 1782 affectus
805 1764 887 1789 quem
907 1755 943 1781 ad
956 1756 1060 1781 statum
1073 1755 1172 1781 sancte

270 1808 385 1827 romane
403 1800 521 1825 Ecclesie
538 1807 632 1832 gerere
650 1800 724 1824 veris
742 1799 937 1831 comprobaris
955 1797 1101 1825 effectibus.
1121 1804 1171 1822 nec

270 1851 330 1869 non
348 1844 427 1876 grata
444 1843 472 1866 et
490 1843 603 1874 accepta
620 1842 742 1866 servicia
753 1848 806 1874 que
818 1841 903 1865 nobis
915 1840 946 1865 in
960 1840 1104 1865 nonnullis
1117 1840 1172 1864 sta-

270 1887 331 1911 tum
348 1884 490 1918 prefatum
509 1884 593 1909 ardue
612 1883 847 1908 concernentibus
871 1882 1007 1907 hactenus
1031 1881 1172 1913 impendi-

271 1928 316 1960 sti,
337 1928 365 1952 et
383 1934 437 1959 que
456 1926 586 1958 quotidIe
604 1925 783 1951 laudabiliter
801 1924 962 1957 impendere
982 1931 1041 1948 non
1054 1923 1169 1948 desistis

272 1970 373 1995 merito
392 1976 444 1994 nos
462 1968 600 1994 inducunt
619 1969 646 1992 et
664 1967 790 1992 excitant
807 1968 840 1992 ut
857 1966 1012 1999 peticiones
1031 1966 1092 1990 tuas
1110 1965 1173 1990 illas

271 2012 416 2044 presertim
435 2018 487 2043 que
504 2011 548 2036 tui
566 2017 598 2035 ac
616 2011 731 2035 tuorum
756 2010 916 2035 animarum
940 2008 1060 2032 salutem
1085 2008 1172 2038 respi-

271 2054 360 2085 ciunt,
379 2053 413 2078 ad
431 2052 622 2078 exauditionis
640 2052 760 2084 gratIam
773 2050 968 2075 favorabiliter
981 2049 1172 2074 admittamus.

272 2096 405 2121 Exhibita
428 2096 452 2120 si
477 2094 591 2126 quidem
616 2094 698 2118 nobis
716 2100 807 2125 nuper
830 2100 882 2126 pto
900 2093 980 2125 parte
998 2093 1047 2116 tua
1065 2091 1173 2123 peticio

272 2139 433 2164 continebat
445 2137 520 2169 quod
532 2137 563 2161 in
574 2136 662 2162 eruce
674 2137 838 2161 sanctorum
849 2135 985 2167 quarterii
994 2135 1075 2166 porte
1085 2133 1174 2158 sancti

274 2181 385 2206 Proculi
403 2180 532 2205 Bononie
551 2180 592 2204 est·
610 2178 749 2210 quoddam
769 2177 856 2202 altare
876 2177 951 2209 quod
968 2183 1121 2208 numquam
1139 2175 1174 2199 ab

273 2225 367 2255 aliquo
386 2222 513 2248 dotatum
525 2221 630 2251 extitit,
641 2220 769 2252 quodque
782 2221 843 2245 tum
856 2221 974 2252 propter
992 2218 1174 2243 devocionem

273 2273 356 2298 quam
375 2264 409 2289 ad
426 2265 521 2297 ipsum
539 2264 628 2289 altare
647 2264 729 2296 geris,
746 2263 808 2289 tum
826 2270 879 2294 pro
898 2264 1012 2287 tuorum
1037 2260 1175 2292 predeces-

272 2315 369 2333 sorum
387 2309 415 2331 et
433 2313 623 2332 successorum
642 2313 673 2330 ac
690 2306 734 2330 tui
753 2306 912 2330 animarum
933 2305 1022 2329 salute
1041 2303 1121 2336 cupis
1140 2302 1175 2326 de

272 2349 357 2374 bonis
374 2349 426 2374 tibi
445 2348 516 2373 adeo
535 2347 641 2372 collatis
659 2346 753 2372 taliter
771 2346 868 2371 dotare
892 2347 924 2370 ut
949 2346 979 2370 in
992 2345 1070 2370 dicto
1089 2344 1175 2369 altare

273 2391 363 2423 possit
381 2392 410 2416 et
428 2390 523 2415 debeat
542 2389 627 2415 missa
645 2389 782 2421 perpetuo
801 2387 943 2413 cellebrari
961 2387 1066 2412 scilicet
1079 2386 1132 2411 tibi
1146 2387 1175 2411 et

1222 1387 1370 1412 heredibus
1388 1394 1421 1412 ae
1438 1385 1643 1412 successoribus
1661 1385 1720 1410 tuis
1738 1384 1830 1416 ipsius
1847 1383 1946 1410 altaris
1957 1382 2125 1415 patronatus

1221 1438 1273 1462 per
1290 1430 1350 1455 Nos
1368 1429 1461 1454 debite
1479 1427 1657 1453 concedatur.
1696 1427 1789 1456 Quare
1807 1433 1860 1459 pro
1878 1426 1957 1458 parte
1975 1426 2025 1451 tua
2041 1424 2124 1450 nobIs

1222 1471 1278 1497 fuit
1288 1471 1430 1497 humiliter
1442 1470 1628 1503 supplicatum
1638 1470 1669 1494 ut
1679 1469 1827 1495 licenciam
1836 1467 1952 1493 dotandi
1963 1467 2050 1492 altare
2062 1473 2125 1500 pre-

1222 1514 1311 1539 fatum
1330 1521 1386 1539 una
1403 1521 1466 1538 cum
1485 1513 1574 1545 ipsius
1592 1513 1688 1537 altarIs
1706 1512 1862 1544 patronatu
1879 1509 2028 1536 concedere
2044 1508 2125 1534 beni-

1222 1556 1318 1588 gniter
1335 1555 1524 1587 dignaremur.
1561 1554 1620 1578 Nos
1639 1553 1729 1586 igitur
1748 1553 1806 1577 tuis
1819 1553 1851 1577 in
1864 1552 1915 1576 hac
1926 1551 2006 1583 parte
2017 1549 2124 1583 suppli-
2143 1564 2145 1566 ·

1223 1597 1385 1622 catIonibus
1398 1596 1528 1621 inclinati
1541 1597 1573 1621 ut
1585 1597 1672 1620 altare
1685 1595 1878 1627 supradictum
1890 1594 1971 1618 iuxta
1981 1592 2125 1618 eonscien-

1223 1639 1293 1663 tIam
1312 1640 1389 1664 tuam
1408 1638 1506 1663 dotare
1525 1638 1614 1669 possis
1637 1638 1665 1661 et
1690 1637 1779 1662 valeas
1796 1635 1941 1660 licentiam
1965 1634 2074 1666 tlquue
2098 1634 2126 1658 et

1223 1680 1371 1706 heredibus
1399 1688 1432 1705 ac
1460 1680 1666 1705 successoribus
1696 1678 1814 1710 prefatis
1842 1678 1938 1702 altaris
1962 1676 2126 1708 supradicti,

1223 1724 1371 1755 postquam
1389 1723 1421 1747 ut
1439 1721 1578 1754 prefertur
1602 1722 1696 1753 ipsum
1721 1721 1870 1751 dotaveris,
1895 1720 1940 1745 ius
1958 1719 2126 1751 patronatu·

1223 1767 1357 1797 perpetuo
1377 1764 1499 1797 eligendi
1511 1765 1540 1789 et
1552 1763 1733 1796 presentandi
1746 1762 1918 1796 capellanum
1931 1761 1967 1787 ad
1978 1768 2053 1791 eum,
2063 1760 2126 1792 qui-

1224 1807 1391 1839 buscumque
1410 1808 1440 1832 in
1459 1807 1631 1832 contrarium
1643 1805 1811 1830 facientibus
1824 1811 1999 1836 nequaquam
2012 1803 2126 1828 obstan-

1224 1849 1309 1878 tibus,
1327 1849 1494 1874 auctoritate
1513 1847 1669 1880 apostolica
1692 1854 1778 1879 quam
1803 1846 1853 1870 hac
1877 1847 1954 1877 parte
1979 1844 2127 1878 fungimur

1224 1897 1257 1915 ac
1276 1891 1406 1916 omnibus
1419 1890 1503 1915 modo
1518 1891 1564 1915 via
1573 1890 1636 1921 iure
1648 1890 1675 1914 et
1687 1889 1780 1913 torma
1793 1888 1895 1920 quibus
1908 1887 2009 1912 melius
2028 1892 2126 1923 ponu-

1226 1939 1287 1958 mus
1305 1933 1333 1957 et
1350 1932 1489 1962 debemus,
1507 1932 1680 1964 presentium
1699 1932 1797 1955 tenore
1809 1929 1990 1954 concedimus
2001 1930 2029 1954 et
2040 1928 2126 1953 etiam

1225 1974 1381 2007 elargimur.

1315 2017 1421 2042 Datum
1433 2017 1562 2042 Bononie
1575 2016 1606 2041 in
1619 2016 1728 2047 palacio
1742 2017 1837 2040 nostre
1851 2014 2002 2039 residencie
2014 2013 2065 2039 sub
2077 2020 2128 2038 no-

1225 2061 1279 2085 stri
1298 2059 1414 2084 maioris
1433 2059 1606 2091 appensione
1628 2059 1723 2091 sigilli,
1743 2065 1818 2083 anno
1837 2057 1959 2082 Domini
1977 2055 2128 2082 mule-imo

1226 2102 1483 2135 quadrigentesimo
1503 2103 1610 2131 octavo,
1626 2101 1766 2125 indicione
1778 2101 1871 2133 prima
1881 2100 1908 2123 et
1921 2099 1965 2123 die
1977 2098 2128 2124 undecimo

1227 2145 1330 2170 mensis
1342 2143 1485 2168 februarii.
1523 2143 1710 2168 Pontificatus
1722 2142 1892 2168 sanctlssimi
1906 2141 1936 2166 in
1950 2141 2067 2167 Christo
2079 2147 2128 2172 pa—

1226 2187 1280 2211 trIs
1299 2187 1325 2211 et
1344 2186 1456 2211 domini
1474 2186 1567 2210 nostri
1586 2185 1697 2211 domini
1716 2185 1849 2217 Gregorii
1867 2184 1966 2208 divina
1981 2183 2127 2215 providen-

1227 2228 1271 2252 cia
1292 2235 1361 2260 pape
1380 2227 1544 2258 duodecimi,
1565 2234 1641 2252 anno
1659 2226 1792 2252 secundo.

1563 2301 1605 2333 Jo.
1624 2300 1656 2325 de
1674 2300 1781 2325 Esculo.

1316 2344 1507 2376 Registratum
1526 2350 1575 2375 per
1594 2350 1638 2367 me
1651 2342 1847 2375 Bonfigliolum
1861 2342 1896 2367 de
1915 2342 2030 2367 Lanceis
2048 2345 2127 2368 nota-

1228 2386 1302 2411 rium
1321 2385 1356 2410 ad
1374 2385 1522 2411 Cameram
1543 2386 1682 2410 actorum.

1172 2482 1233 2514 VI.

276 2547 316 2580 11,
333 2556 438 2580 CARD.
451 2546 625 2579 BALDASS.
641 2544 758 2577 Cossa
773 2551 917 2576 NOMINA
931 2541 1094 2574 MATTEO
1110 2540 1295 2573 GRIFFom
1312 2547 1572 2571 SOVRASTANTE
1593 2547 1692 2571 ALLA
1714 2538 1873 2572 CAMERA
1888 2547 1996 2570 naon
2013 2546 2100 2570 ,ιη-τι
2113 2535 2125 2555 ⁸

278 2688 386 2721 [Litera
403 2687 518 2721 Mathey
536 2686 667 2712 Guiducii
685 2686 719 2711 de
737 2683 928 2717 Griffonibus1.

361 2769 517 2793 BAmAsAR
529 2767 621 2792 Cossa
632 2766 815 2791 miseratione
825 2764 925 2790 divina
934 2765 1023 2790 sancti
1033 2764 1176 2790 Eustachii

364 2842 372 2856 ¹
386 2841 455 2863 L’sn.
471 2845 529 2866 14³9
543 2840 556 2861 ὲ
570 2840 652 2861 scritto
667 2839 843 2867 nell'originale
858 2845 895 2861 an.
910 2840 968 2863 1480
981 2839 1117 2861 cancellato
1127 2838 1155 2859 sd
1165 2838 1177 2859 ἒ

280 2879 368 2895 correz.
383 2874 447 2894 della
462 2876 537 2894 nessa
552 2879 628 2895 mano.
656 2873 753 2897 Quando
767 2873 819 2894 fece
830 2873 854 2893 la
863 2872 1007 2897 con-ezioae¹
1018 2873 1118 2893 l'autore
1128 2878 1176 2893 cre-

281 2907 347 2928 dette
362 2907 386 2927 di
401 2907 499 2928 trovarsi
515 2907 607 2927 dlnanzi
622 2913 636 2927 a
650 2908 784 2927 Francesco
800 2906 865 2933 figlio
879 2905 902 2926 dl
917 2906 1009 2926 Mntteo
1023 2906 1065 2926 che
1080 2905 1137 2926 morl
1152 2904 1176 2927 dl

280 2940 340 2962 fatto
354 2941 393 2960 nel
410 2941 474 2962 1439.
502 2941 536 2961 Le
549 2942 628 2967 parole
643 2940 667 2960 di
683 2940 801 2962 Lodomco
816 2940 898 2960 turono
908 2938 1023 2966 aggiante
1032 2939 1092 2959 sulla
1102 2939 1175 2960 linea.

1230 2682 1366 2707 diaconus
1384 2681 1532 2706 cardinalis
1549 2680 1703 2713 apostolice
1726 2679 1798 2704 sedis
1816 2679 1922 2711 legatus
1947 2686 1978 2704 ac
2003 2678 2130 2704 Bononie

1229 2725 1278 2748 etc.
1297 2731 1350 2756 pro
1368 2724 1464 2748 sancta
1480 2729 1599 2747 romana
1617 2721 1740 2747 Ecclesia
1759 2721 1789 2745 in
1802 2721 1995 2752 spiritualibus
2012 2722 2041 2746 et
2058 2721 2129 2746 tem-

1228 2766 1371 2798 poralibus
1396 2765 1520 2790 vicarius
1543 2764 1691 2797 generalis,
1717 2763 1827 2789 Dilecto
1851 2762 1935 2788 nobis
1955 2763 1987 2788 in
2012 2762 2128 2789 Christo

1310 2839 1320 2853 ¹
1329 2839 1443 2860 Archi-zio
1458 2838 1481 2859 di
1492 2839 1559 2859 Ststo
1574 2837 1597 2858 di
1611 2837 1728 2864 ΒοΙοςιιις
1739 2836 1810 2858 Liber
1819 2836 1875 2862 †††
1883 2835 2044 2863 prom'es'onun
2053 2835 2076 2856 ἡ
2090 2841 2126 2855 ca-

1248 2878 1261 2892 r
1377 2887 1383 2894 .
1414 2887 1421 2894 .

1230 2875 1245 2899 p
1261 2872 1447 2926 “oucggchl'vin
1462 2905 1485 2925 di
1495 2906 1560 2926 State
1576 2905 1599 2925 di
1611 2905 1727 2932 Bologna:
1743 2903 1812 2925 Lu’baer
1826 2902 2045 2931 †††prom'n'enuna
2059 2902 2083 2923 νίι
2091 2908 2127 2923 ω·

1225 2941 1305 2966 prem,
1318 2945 1339 2961 c.
1354 2939 1393 2959 108
1407 2946 1431 2961 v.

2149 647 2181 676 10

2150 858 2181 886 15

2102 1194 2188 1229 '20

2151 1510 2186 1538 25

2154 1929 2189 1957 35

2155 2143 2191 2170 40

2155 2391 2189 2419 45

2154 2754 2190 2782 50
