2242 3418
70 457 146 481 Mun„
161 456 200 476 20¹

89 779 108 794 c.
125 776 170 797 153
185 772 197 792 h

87 1572 107 1587 c.
123 1571 166 1590 ¹56
180 1572 194 1585 a

92 2527 112 2542 c.
127 2525 170 2545 154
185 2520 197 2540 ὀ

37 2581 53 2599 e
66 2575 143 2598 Mun..
157 2574 196 2594 209

278 207 327 243 90
814 202 1095 240 MATTHAEI
1122 202 1192 238 DE
1222 198 1569 238 GRIFFONIBUS
1834 204 2119 244 [AA.1399-1401]

275 345 354 372 runt
377 338 539 372 confinati
563 336 777 378 infrascripti
803 336 905 375 cives,
930 335 1110 368 videlicet:
1138 334 1297 367 dominus
1320 333 1578 366 Bartolomaeus
1602 335 1645 366 de
1669 334 1820 367 Saliceto
1843 336 1956 379 legum
1985 337 2117 375 doctor,

275 392 433 424 dominus
455 390 603 434 Jacobus
633 389 705 432 ejus
735 389 825 420 filius
846 389 960 432 legum
984 389 1116 426 doctor,
1141 387 1300 419 dominus
1330 386 1565 419 Bernardinus
1593 388 1636 419 de
1659 387 1894 420 Zambecariis
1918 390 2033 433 legum
2056 389 2118 421 do-

275 451 360 483 ctor,
379 444 535 476 dominus
556 442 731 485 Johannes
755 447 942 483 captaneus
965 441 1078 474 Castri
1103 440 1213 472 sancti
1230 439 1325 472 Petri
1349 439 1477 484 legum'
1494 440 1627 479 doctor,
1643 440 1810 473 Nicotaus
1826 442 1869 474 de
1884 441 2118 474 Zambecariis

273 507 439 539 campsor,
465 495 580 528 Guido
605 495 647 526 de
671 494 870 526 Manzolino
895 494 1056 526 notarius.
1103 493 1148 525 Et
1172 499 1254 525 tunc
1279 493 1437 535 Guaspar
1461 493 1503 525 de
1527 491 1763 532 Bernardinis,
1788 494 1989 536 capitaneus
2012 494 2117 527 castri

274 549 432 587 Solamli,
457 548 553 580 dedit
577 547 709 579 dictum
732 553 881 579 castrum
916 546 1080 590 Astorgio
1117 546 1160 578 de
1190 545 1385 578 Manfredis
1415 546 1462 577 ad
1492 545 1694 587 petitionem
1730 545 1876 579 Antonii
1901 547 1944 579 de
1966 547 2118 580 Caxellis
2163 545 2181 578 5

272 602 446 645 mercar-ii:
471 611 539 643 qua
563 601 606 632 de
629 610 732 632 causa
756 600 870 632 dictus
893 599 1066 631 Antonius
1090 599 1132 631 de
1158 597 1302 630 Casellis
1332 604 1366 630 et
1398 599 1513 630 dictus
1537 599 1694 640 Guaspar
1724 599 1864 631 fuerunt
1894 599 2029 632 banniti
2053 609 2117 642 pro

271 653 505 697 proditoribus
527 658 561 685 et
584 654 725 685 fuerunt
747 653 835 695 picti
852 652 888 683 in
904 653 1018 694 platea
1034 657 1068 683 et
1091 652 1136 684 ad
1160 651 1352 684 bordellum
1376 657 1410 683 et
1433 651 1470 682 in
1494 651 1610 683 multis
1633 651 1711 683 aliis
1734 651 1821 683 locis
1836 657 1870 684 et
1887 652 2007 685 domus
2029 652 2117 685 dicti

271 707 415 740 Antonii
433 707 571 738 fuerunt
596 707 799 743 destructae,
817 715 904 748 quae
919 710 1017 737 erant
1033 705 1069 736 in
1093 710 1198 737 strata
1221 704 1348 747 Majori
1372 714 1480 746 prope
1505 705 1624 736 domos
1648 704 1691 736 de
1715 704 1915 738 Gozadinis.

359 759 541 792 M.CCCC.
566 759 699 791 Eodem
723 767 824 796 anno,
850 758 907 790 die
931 767 1018 798 XXVJ
1042 757 1134 800 maji.
1161 776 1202 780 —-
1226 757 1333 789 Pinus
1365 758 1408 789 de
1439 757 1630 795 Ordelaffis‚
1655 757 1815 789 dominus
1838 757 1995 797 Forlivii,
2020 758 2117 800 capi-

271 820 390 847 taneus
411 812 564 856 gentium
581 822 751 844 armorum
768 811 925 843 comunis
947 811 1135 849 Bononiae,
1152 821 1230 842 cum
1247 810 1423 842 banderiis
1446 810 1603 842 comunis
1619 810 1796 842 Bononiae
1812 811 1981 854 equitavit
1997 817 2118 843 contra
2145 812 2183 843 10

271 866 468 910 Astorgium
485 865 530 897 ad
554 863 756 896 Faventiam
779 869 813 895 et
836 863 950 905 posuit
974 873 1133 905 campum
1156 863 1193 894 in
1217 863 1367 906 quodam
1383 862 1505 906 broylo
1522 863 1610 895 dicti
1633 862 1789 907 Astorgii
1814 863 1850 895 in
1866 863 1975 908 burgo
1998 869 2118 906 portae

271 918 462 956 Imolensis;
487 923 521 949 et
544 918 611 949 hoc
635 916 703 949 fuit
726 916 909 948 occasione
933 915 1093 948 Solaroli.

358 972 489 1004 Eodem
512 979 613 1009 anno,
639 970 696 1002 die
719 979 748 1010 1J
768 969 867 1012 junii.
893 988 934 992 ——
957 969 1132 1012 Johannes
1157 969 1338 1008 Galiatius‚
1363 969 1454 1001 filius
1476 967 1633 1013 Astorgii
1660 969 1793 1002 domini
1818 968 2018 1009 Faventiae,
2042 969 2116 1002 ibat

271 1024 467 1058 travestitus
490 1034 568 1056 cum
592 1033 697 1055 uxore
714 1033 784 1061 sua,
801 1032 879 1054 cum
895 1027 1004 1054 matre
1020 1033 1080 1054 sua
1096 1027 1130 1054 et
1147 1033 1225 1054 curn
1242 1032 1348 1054 uxore
1365 1022 1507 1055 Charoli
1524 1023 1568 1055 de
1582 1022 1786 1061 Malatestis‚
1803 1023 1935 1055 domini
1952 1022 2115 1062 Arimini,

270 1084 304 1111 et
327 1082 424 1110 erant
448 1076 484 1108 in
507 1086 576 1108 una
599 1075 680 1108 navi
705 1075 882 1116 (creditur,
907 1075 1000 1117 quod
1024 1074 1121 1107 ibant
1144 1075 1324 1107 Mantuam
1348 1085 1451 1107 causa
1475 1075 1634 1119 fugiendi
1651 1075 1908 1117 mortalitatem)
1925 1081 1959 1108 et
1974 1077 2115 1108 fuerunt
2143 1074 2180 1108 15

270 1131 364 1174 capti
394 1136 428 1162 et
460 1129 555 1162 ducti
587 1128 764 1161 Ferariam
795 1128 842 1160 ad
865 1127 1042 1160 dominum
1065 1128 1311 1160 marchionem.
1359 1128 1404 1160 Et
1433 1129 1528 1160 stetit
1558 1134 1680 1170 captus
1710 1128 1748 1160 in
1779 1129 1921 1161 castello
1951 1129 2115 1161 Ferariae

269 1194 376 1227 usque
398 1184 444 1216 ad
468 1193 531 1224 XXJ
555 1182 647 1215 diem
670 1181 818 1225 augusti.
864 1181 909 1213 Et
932 1181 1118 1213 Venetiani
1143 1179 1302 1213 fecerunt
1326 1181 1549 1214 concordiam
1573 1181 1664 1213 inter
1679 1181 1914 1213 marchionem
1937 1187 1972 1214 et
1994 1180 2116 1214 Astor-

269 1237 364 1281 gium
387 1242 422 1268 et
444 1235 626 1279 Astorgius
649 1234 747 1267 dedit
770 1233 838 1266 sibi
861 1245 1020 1278 magnam
1045 1234 1272 1277 quantitatem
1297 1234 1500 1266 ducatorum
1523 1239 1558 1266 et
1581 1234 1743 1266 liberavit
1766 1233 1921 1278 Aconem
1944 1234 2117 1267 marchio-

271 1300 359 1329 nem,
384 1299 485 1332 quem
507 1288 646 1321 tenebat
669 1292 883 1320 carceratum
908 1287 945 1318 in
969 1286 1147 1325 Faventia,
1172 1298 1250 1319 cum
1274 1292 1377 1330 pacto
1409 1287 1504 1330 quod
1536 1286 1650 1319 dictus
1680 1286 1757 1331 Aco
1789 1287 1931 1320 deberet
1953 1287 2045 1320 mitti
2071 1287 2117 1320 ad

271 1343 422 1375 confines
445 1341 482 1373 in
506 1341 652 1374 Candia.
2139 1341 2182 1372 20

358 1395 492 1428 Eodem
517 1404 617 1432 anno,
642 1393 698 1426 die
722 1403 826 1434 XXVIJ
849 1392 1052 1426 decembris.
1077 1412 1119 1417 -
1142 1391 1220 1437 Aco
1244 1394 1289 1426 de
1312 1394 1498 1426 Buvalellis
1514 1394 1676 1433 notarius,
1693 1394 1820 1426 Paulus
1843 1394 1974 1426 domini
1995 1394 2117 1427 Batto-

271 1448 393 1481 lomaei
409 1448 454 1480 de
471 1447 632 1486 Salicem,
648 1446 802 1490 Jacobus
817 1446 972 1479 Mathaei
989 1446 1032 1478 de
1055 1446 1239 1490 Magnanis
1263 1453 1297 1479 et
1319 1447 1502 1479 Zenannes
1518 1447 1723 1491 stracarolus
1739 1447 1878 1480 fuerunt
1894 1447 2067 1480 interfecti
2082 1447 2118 1479 in

269 1511 404 1534 rumore
427 1500 547 1543 populi
570 1501 605 1532 in
627 1500 752 1543 platea,
777 1506 811 1532 et
835 1499 935 1532 etiam
958 1498 1128 1532 Antonius
1150 1499 1247 1532 Bassi
1270 1499 1438 1532 becarius.

357 1553 560 1588 M.CCCCI.
584 1572 625 1577 —
649 1553 824 1597 Johannes
855 1553 898 1585 de
922 1551 1153 1597 Bentevoglis‚
1177 1553 1214 1585 in
1238 1545 1361 1596 vig'ilia
1392 1559 1531 1586 sanctae
1561 1553 1697 1586 Mariae
1728 1554 1771 1586 de
1801 1564 1916 1586 mense
1939 1553 2116 1592 februarii,

267 1614 399 1640 armata
413 1618 516 1639 manu
533 1617 611 1639 cum
627 1606 696 1638 suis
712 1605 916 1649 sequacibus
931 1605 1027 1638 venit
1042 1606 1087 1638 ad
1103 1606 1263 1648 plateam,
1281 1606 1468 1639 cridando:
1487 1625 1528 1629 —-
1545 1607 1637 1639 Viva
1651 1606 1671 1639 ’l
1688 1607 1817 1649 povolo
1835 1617 1854 1639 e
1870 1607 1902 1639 le
1919 1607 1985 1639 arti
1997 1607 2005 1639 1
2016 1626 2058 1630 —
2071 1606 2117 1640 Et
2140 1606 2180 1639 25

268 1661 419 1694 obtinuit
443 1660 537 1704 quod
560 1670 677 1692 omnes
699 1659 833 1701 expulsi
856 1659 961 1691 amici
992 1659 1075 1691 olim
1107 1659 1239 1691 domini
1271 1659 1413 1692 Charoli
1444 1660 1597 1692 redirent
1627 1659 1835 1699 Bononiam3
1867 1666 1901 1693 et
1931 1661 1998 1693 hoc
2029 1660 2117 1693 fecit

267 1714 447 1752 malitiose,
471 1723 575 1746 causa
597 1712 763 1745 effitiendi
789 1711 965 1744 dominum
982 1711 1137 1744 'civitatis
1151 1712 1339 1751 Bononiae,
1363 1718 1466 1755 prout
1489 1713 1559 1745 cito
1584 1713 1669 1751 fuit;
1693 1719 1727 1745 et
1743 1713 1793 1746 sic
1810 1723 1927 1746 omnes
1950 1714 2115 1746 confinati

268 1767 454 1800 redierunt.

358 1820 489 1852 Eodem
513 1829 615 1858 anno,
641 1818 698 1851 die
722 1828 805 1860 x111J
827 1818 954 1858 martii,
973 1819 1016 1851 de
1032 1824 1143 1851 nocte.
1169 1837 1210 1841 ——
1233 1819 1409 1862 Johannes
1432 1819 1575 1852 Tunioli
1601 1820 1644 1852 de
1667 1819 1888 1863 Bentevoglis
1904 1819 2115 1862 praedictus,

267 1884 336 1906 una
359 1884 437 1906 cum
460 1872 619 1905 omnibus
643 1872 686 1904 de
708 1877 807 1914 parte
831 1871 963 1904 domini
987 1871 1130 1904 Charoli
1155 1872 1198 1904 de
1222 1871 1457 1904 Zambecariis
1487 1878 1522 1905 et
1552 1883 1631 1905 cum
1654 1872 1813 1905 omnibus
1839 1873 1919 1905 aliis
1943 1873 1986 1905 de
2017 1872 2117 1906 bonis
2140 1874 2183 1905 30

267 1926 424 1960 domibus
447 1925 626 1958 Bononiae
649 1925 821 1957 malivolis
844 1924 981 1957 illorum
1006 1925 1050 1957 de
1073 1924 1273 1968 Gocadini3‚
1298 1925 1380 1968 quia
1406 1924 1574 1958 videbant
1606 1926 1700 1968 quod
1729 1926 1871 1959 Nannes
1895 1927 1938 1959 de
1963 1926 2116 1970 Gocadi-

268 1980 321 2012 nis
345 1985 476 2012 secreto
499 1978 602 2011 modo
625 1977 834 2021 procurabat
851 1978 968 2010 facere
983 1987 1019 2009 se
1036 1977 1213 2010 dominum
1228 1978 1417 2016 Bononiae,
1435 1978 1714 2011 deliberaverunt
1730 1980 1819 2011 velle
1836 1979 1968 2012 dictum
1983 1979 2115 2022 Johan-

267 2044 344 2065 nem
368 2042 431 2075 pro
455 2032 595 2064 domino
601 2044 610 2070 3
634 2037 669 2063 et
685 2032 733 2063 sic
750 2032 863 2063 factus
879 2031 948 2062 fuit
965 2030 1134 2069 dominus,
1158 2031 1218 2062 illa
1234 2036 1346 2070 nocte,
1364 2031 1517 2063 civitatis
1532 2032 1720 2064 Bononiae.
1768 2032 1812 2064 Et
1829 2038 1911 2064 tunc
1934 2031 2117 2064 occasione

267 2086 446 2129 praedicta
469 2085 555 2117 facti
579 2085 719 2117 fuerunt
742 2084 869 2116 milites
891 2083 1108 2126 infrascripti
1133 2083 1237 2122 cives,
1255 2094 1341 2127 quos
1364 2084 1450 2116 fecit
1473 2084 1614 2116 milites:
1641 2085 1801 2117 dominus
1816 2085 1938 2118 Petrus
1954 2086 1998 2118 de
2012 2085 2117 2117 Blan-

268 2139 344 2171 chis
366 2139 472 2177 miles,
497 2137 655 2170 dominus
677 2137 811 2180 Lippus
834 2137 877 2169 de
894 2136 1100 2175 Ghisileriis,
1118 2137 1277 2169 dominus
1291 2137 1467 2180 Johannes
1484 2138 1527 2169 de
1544 2137 1749 2176 Ghisileriis,
1772 2138 1932 2170 dominus
1953 2137 2118 2171 Albertus
2140 2137 2181 2169 35

269 2193 312 2225 de
334 2191 509 2230 Blanchis,
534 2190 692 2223 dominus
714 2191 890 2235 Johannes
914 2190 957 2222 de
974 2188 1233 2228 vBocadeferris,
1258 2190 1416 2222 dominus
1438 2191 1616 2234 Johannes
1647 2192 1691 2223 de
1721 2191 1843 2230 Pretis,
1868 2191 2027 2224 dominus
2049 2190 2116 2223 Ba-

267 2245 348 2277 tista
382 2245 426 2277 de
458 2243 659 2288 Balduynis,
696 2244 855 2276 dominus
887 2243 1019 2276 Batista
1054 2243 1098 2275 de
1131 2243 1362 2287 Bentevoglis‚
1394 2243 1551 2276 dominus
1580 2244 1840 2277 Bartolomaeus
1871 2244 1914 2276 de
1944 2244 2114 2283 Tomaris,

269 2298 425 2331 dominus
448 2298 621 2330 Romaeus
645 2297 689 2329 de
711 2296 933 2334 Foscarariis,
958 2295 1118 2328 dominus
1140 2296 1337 2328 Bonifatius
1369 2296 1412 2328 de
1444 2297 1644 2340 Gocadinis,
1677 2297 1835 2329 dominus
1857 2297 2115 2330 Bartolomaeus

269 2352 312 2383 de
348 2350 580 2389 Gomborutis,
615 2350 774 2382 dominus
808 2350 1067 2382 Bartolomaeus
1096 2349 1344 2388 Bombaronus,
1377 2350 1536 2382 dominus
1565 2350 1824 2382 Bartolomaeus
1855 2350 2037 2394 Bolognini
2071 2350 2115 2383 de

269 2404 481 2448 Bologninis,
505 2403 663 2435 dominus
696 2403 956 2436 Bartolomaeus
990 2402 1034 2434 de
1064 2402 1223 2446 Macolis,
1248 2403 1406 2435 dominus
1436 2402 1596 2435 Andreas
1626 2403 1670 2435 de
1700 2403 1932 2447 Bentevoglis‚
1956 2402 2115 2435 dominus
2139 2404 2181 2435 40

267 2456 430 2489 Albertus
452 2457 496 2488 de
520 2456 709 2494 Guidoctis,
734 2455 892 2488 dominus
915 2455 1085 2487 Zordinus
1107 2456 1151 2487 de
1166 2454 1341 2494 Blanchis,
1358 2456 1516 2496 dominus
1530 2457 1706 2499 Johannes
1720 2456 1947 2500 Maghinardi
1964 2457 2007 2488 de
2023 2456 2115 2490 Can-

274 2510 386 2548 saldis,
411 2509 570 2541 dominus
592 2508 764 2553 Ugolinus
787 2508 831 2540 de
847 2507 1061 2541 Ghisileriis!
1106 2508 1152 2540 Et
1173 2513 1292 2550 postea
1307 2518 1370 2550 per
1386 2508 1558 2541 modicum
1582 2511 1716 2551 tempus
1738 2508 1895 2541 homines
1919 2508 1962 2541 de
1986 2508 2114 2541 Sancto

269 2563 427 2606 Johanne
462 2562 508 2593 im
531 2560 721 2594 Persiceto'
744 2561 996 2593 rebellaverunt
1021 2570 1056 2593 se
1079 2566 1201 2593 contra
1236 2560 1368 2593 dictum
1391 2561 1583 2604 Johannem
1600 2562 1643 2594 de
1659 2561 1880 2605 Bentevoglis
1902 2566 1937 2593 et
1960 2561 2034 2603 ipse
2049 2561 2113 2593 ivit

268 2616 314 2647 ad
337 2625 494 2656 campum
517 2614 563 2646 ad
580 2613 744 2646 Sanctum
766 2614 960 2657 Johannem
983 2618 1018 2645 et
1040 2612 1090 2646 ibi
1115 2619 1268 2645 mortuus
1283 2614 1351 2645 fuit
1374 2610 1573 2656 capitaneus
1589 2625 1668 2646 suus
1684 2624 1763 2646 cum
1779 2625 1846 2646 una
1869 2613 2059 2646 bombarda
2081 2619 2116 2646 et

269 2667 373 2700 rediit
395 2666 587 2699 Bononiam
609 2672 643 2699 et
659 2666 768 2698 nichil
784 2666 899 2708 potuit
914 2666 1041 2698 facere.
1088 2666 1133 2698 Et
1156 2665 1316 2698 similiter
1331 2667 1438 2698 multa
1454 2667 1522 2699 alia
1538 2673 1650 2700 castra
1666 2678 1701 2699 se
1718 2666 1970 2710 rebellaverunt
1993 2671 2115 2699 contra
2138 2664 2179 2698 45

270 2721 379 2763 ipsum
413 2720 616 2763 Johannem,
647 2719 697 2751 ita
728 2719 823 2762 quod
853 2718 1003 2751 finaliter
1035 2719 1189 2761 oportuit
1223 2719 1318 2761 quod
1352 2720 1512 2761 perderet
1542 2725 1667 2752 statum
1698 2731 1806 2758 suum,
1841 2720 1921 2762 quia
1952 2718 2110 2751 dominus

269 2772 459 2806 Mediolani
482 2771 567 2804 fecit
589 2771 655 2804 sibi
670 2781 829 2815 guerram
853 2777 887 2804 et
902 2776 1112 2814 acceperunt
1135 2771 1200 2804 sibi
1221 2771 1413 2804 Bononiam
1437 2783 1516 2804 cum
1539 2773 1736 2815 proditione
1766 2773 1959 2815 aliquorum
1983 2771 2113 2805 civium

269 2832 304 2859 et
327 2825 440 2858 dictus
461 2825 635 2868 Johannes
658 2830 810 2857 mortuus
833 2824 911 2863 fuit,
935 2819 1038 2867 prout
1061 2824 1197 2857 videbis
1219 2825 1365 2857 inferius
1387 2836 1450 2868 per
1473 2826 1627 2858 ordinem
1652 2826 1862 2858 denotatum.

358 2959 375 2986 4
388 2952 481 2977 Guido
491 2970 497 2979 .
505 2971 511 2979 .
519 2970 525 2978 .
533 2969 539 2977 .
558 2951 697 2986 notarius]
707 2961 773 2985 agg.
783 2951 831 2984 pi&
843 2953 919 2979 tardi
930 2966 960 2972 -
970 2958 1052 2984 21-23
1065 2953 1170 2987 Quanta
1182 2954 1280 2979 non'zia
1293 2952 1307 2979 ὸ
1318 2955 1466 2979 cancellata
1478 2955 1647 2987 nell’autogr.
