2196 3424
52 471 129 496 Mun„
145 470 180 490 118

83 1267 170 1289 c.³7b

79 2706 99 2720 c.
113 2702 140 2722 ³8
155 2701 167 2721 h

38 2754 116 2780 Mun..
132 2756 169 2776 11⁹

266 169 309 205 16
817 164 1100 201 MATTHAEI
1128 164 1198 198 DE
1228 162 1349 199 GRIF
1350 163 1380 198 F
1383 161 1573 198 ONIBUS
1740 202 1746 207 .
1811 166 1894 202 [AA.
1912 169 2100 203 1262-1265]

341 301 473 334 Eodem
497 309 598 332 anno.
622 317 662 322 —-
687 299 841 331 Domnus
871 298 1054 335 Henricus,
1086 296 1229 329 sacrista
1260 295 1381 328 Sancti
1403 293 1510 332 Petri,
1534 299 1569 326 et
1599 293 1845 333 Bernardinus,
1877 294 1950 338 ejus
1980 305 2098 338 nepos,

253 355 376 387 mortui
400 354 540 386 fuerunt
563 359 598 385 et
621 352 775 385 sacristia
797 351 864 384 fuit
888 350 1054 384 derobata
1076 349 1233 392 pecuniis
1257 354 1291 381 et
1314 347 1430 380 multis
1457 347 1533 379 aliis
1555 346 1658 379 rebus
1681 347 1864 390 argenteis.
1910 346 2016 391 Cujus
2038 358 2098 381 oc-

254 408 389 440 casione
413 413 543 449 septem
567 405 809 438 malefactores
833 404 924 446 capti
947 404 1097 442 fuerunt,
1129 411 1274 445 quorum
1306 407 1451 443 quatuor
1482 399 1653 432 strasinati
1681 405 1717 432 et
1747 399 1916 433 combusti
1940 400 2098 440 fuerunt3

257 472 343 492 unus
364 459 512 502 projecit
534 470 569 492 se
595 459 638 491 de
662 458 789 501 palatio
805 458 959 500 episcopi
984 463 1018 489 et
1041 461 1194 488 mortuus
1222 460 1273 488 est
1297 460 1331 486 et
1346 454 1405 486 alii
1433 453 1501 485 duo
1532 451 1716 485 carcerati'
1739 453 1932 497 fugierunt3
1956 461 2100 497 propter

252 523 394 555 quorum
418 513 534 556 fugam
559 512 698 555 quidam
722 511 901 547 familiaris
925 510 1055 542 domini
1078 508 1243 552 episcopi,
1270 508 1329 551 qui
1353 506 1570 540 custodiebat
1592 506 1694 548 ipsos,
1718 507 1849 548 positus
1871 507 1938 540 fuit
1960 507 2006 540 ad
2029 513 2100 541 tor-
2143 507 2162 541 5

252 572 402 599 mentum
426 572 461 599 et
484 577 588 608 super
610 565 750 598 tondolo
774 570 927 597 mortuus
950 569 1010 596 est.

338 620 471 652 Eodem
503 629 603 652 anno.
644 637 685 641 -
725 618 898 656 Stefanus‚
937 617 1026 649 filius
1063 614 1227 648 Andreae
1267 615 1359 659 regis
1400 613 1578 657 Ungariae
1614 619 1649 645 et
1683 612 1878 646 Beatrixiae
1915 614 1959 647 de
1994 615 2097 648 domo

251 673 396 711 Estensi,
421 673 517 706 duxit
531 673 568 704 in
591 682 732 704 uxorem
757 671 930 703 dominam
953 670 1206 702 Traversanam
1230 667 1407 701 Guilielmi
1430 666 1655 706 Traversarii,
1679 666 1880 700 nobilissimi
1904 667 1990 700 civis
2013 668 2098 701 civi-

250 726 327 758 tatis
349 726 551 764 Ravennae,
574 726 655 768 quia
678 725 722 757 de
745 734 853 768 regno
877 723 1052 767 Ungariae
1077 722 1185 755 nichil
1209 727 1346 764 poterat
1368 720 1538 754 obtinere.

336 779 575 812 M.CCLXIII.
594 797 634 802 ——
651 778 819 810 Dominus
841 777 992 820 Jacobus
1014 776 1250 808 Tavernerius
1266 775 1310 807 de
1334 774 1460 807 Parma
1483 773 1550 806 fuit
1572 778 1723 816 potestas
1746 773 1934 807 Bononiae.
2125 775 2164 810 10

334 833 468 865 Eodem
492 843 592 865 anno.
617 850 657 854 —
683 831 920 863 Bononienses
941 830 1104 862 fecerunt
1127 829 1316 861 exercitum
1348 838 1452 870 supra
1484 827 1637 865 Imolam,
1669 826 1750 870 quia
1781 827 1968 860 Imolenses
1991 838 2099 871 expu-

247 886 358 918 lerant
380 892 513 928 partem
531 885 789 928 Jeremiensem,
818 890 853 916 et
882 883 931 916 ibi
962 888 1131 915 steterunt
1162 882 1208 914 ad
1235 881 1427 914 exercitum
1450 886 1531 913 octo
1555 879 1687 912 diebus-
1734 879 1781 913 Et
1803 886 1886 912 tunc
1910 880 2099 913 Imolenses

247 946 416 972 venerunt
443 939 488 971 ad
518 939 680 971 mandata
710 937 866 970 comunis
895 936 1083 969 Bononiae.
1130 935 1176 968 Et
1207 935 1331 967 foveae
1360 940 1395 967 et
1418 934 1552 972 setalia,
1577 944 1665 976 quae
1689 933 1785 966 facta
1806 933 1946 966 fuerant
1970 933 2013 966 de
2037 943 2098 966 vo-

247 992 378 1024 luntate
403 992 510 1034 partis
537 991 867 1028 Lambertaciorum‚
895 989 1051 1032 splanata
1074 989 1234 1026 fuerunt3
1259 994 1294 1021 et
1318 987 1475 1020 similiter
1498 992 1658 1025 castrum,
1683 986 1777 1030 quod
1800 986 1876 1019 fieri
1898 986 2033 1020 fecerat
2047 986 2097 1020 ibi

246 1044 433 1086 imperator
455 1045 645 1078 Federicus
667 1055 688 1076 a
710 1044 817 1076 latere
841 1054 953 1075 mane.
999 1042 1046 1075 Et
1068 1047 1151 1075 tunc
1176 1041 1335 1074 dominus
1358 1041 1490 1085 Ugutio
1522 1041 1566 1073 de
1590 1039 1755 1080 Arientis,
1785 1040 1892 1084 judex
1915 1040 1959 1072 de
1982 1038 2098 1073 Bono-
2123 1038 2161 1072 15

246 1098 313 1136 nia,
336 1104 489 1131 mortuus
511 1098 588 1137 fuit,
610 1104 649 1131 ut
672 1097 806 1130 videbis
829 1097 866 1129 in
888 1096 1020 1140 pagina
1041 1095 1211 1139 sequenti.

333 1152 467 1184 Eodem
490 1161 591 1184 anno.
616 1169 658 1174 —
682 1152 790 1183 Facta
812 1149 879 1183 fuit
901 1160 969 1192 pax
995 1149 1087 1182 inter
1110 1148 1322 1181 Guiducium
1347 1149 1391 1181 de
1415 1147 1695 1190 Prindipartibus
1718 1158 1761 1180 ex
1776 1158 1845 1180 una
1859 1153 1958 1190 parte
1975 1152 2011 1181 et
2033 1147 2097 1180 Sa-

245 1204 390 1237 badinos
412 1215 455 1237 ex
477 1211 575 1247 parte
598 1204 708 1237 altera
729 1204 766 1235 in
788 1203 938 1236 ecclesia
961 1202 1071 1235 sancti
1087 1202 1219 1235 Tomae
1245 1203 1288 1234 de
1311 1202 1459 1246 Brayna.

333 1258 467 1291 Eodem
491 1267 581 1290 anno
609 1257 703 1289 1263.
734 1275 776 1279 --
800 1256 967 1288 Dominus
989 1255 1119 1299 Ugutio
1144 1255 1187 1287 de
1210 1254 1366 1288 Arientis
1388 1266 1409 1287 a
1432 1254 1558 1287 comite
1581 1254 1814 1298 Maghinardo
1838 1254 1882 1287 de
1905 1253 2037 1287 Panico
2061 1259 2096 1287 et

245 1311 448 1354 quibusdam
473 1312 516 1344 de
541 1311 731 1353 Gocadinis
752 1315 906 1343 mortuus
928 1309 1004 1342 fuit.
1053 1307 1134 1347 Qua
1150 1309 1194 1341 de
1211 1319 1314 1341 causa
1329 1314 1447 1351 partes
1462 1313 1641 1341 traxerunt
1656 1308 1702 1340 ad
1718 1318 1824 1340 arma.
1870 1308 1918 1341 Et
1933 1313 2016 1341 tunc
2033 1308 2096 1340 do-
2118 1309 2161 1340 20

245 1365 355 1397 minus
376 1364 604 1408 Lodorengus
626 1364 669 1396 de
692 1362 831 1396 Andalo
855 1363 921 1396 fuit
945 1363 1044 1395 datus
1066 1363 1102 1394 in
1126 1362 1257 1395 socium
1281 1362 1421 1394 domino
1452 1361 1614 1404 potestati
1647 1361 1836 1399 Bononiae,
1868 1372 1912 1393 ne
1943 1366 2096 1403 potestas

245 1418 382 1450 timeret
404 1418 523 1450 facere
547 1417 687 1450 offitium
711 1428 818 1449 suum.
866 1417 912 1448 Et
934 1422 1017 1448 tunc
1041 1416 1134 1448 missi
1157 1415 1298 1448 fuerunt
1322 1415 1367 1447 ad
1399 1415 1549 1447 confinia
1578 1425 1643 1457 per
1673 1414 1874 1446 comitatum
1904 1413 2096 1447 bononien-

244 1481 316 1503 sem
340 1471 482 1504 ducenti
504 1471 661 1503 homines
683 1476 718 1503 et
739 1470 832 1502 ultra
852 1470 944 1501 inter
966 1469 1101 1507 milites,
1123 1468 1260 1511 judices
1283 1474 1318 1501 et
1341 1469 1527 1511 populares
1549 1467 1736 1500 Bononiae.

334 1524 468 1557 Eodem
491 1534 592 1556 anno.
617 1542 659 1547 —
681 1523 767 1556 Pars
789 1523 974 1556 Bn‘tiorum
999 1523 1043 1555 de
1068 1522 1176 1555 Imola
1192 1522 1334 1564 expulsa
1350 1522 1417 1554 fuit
1433 1522 1477 1554 de
1494 1521 1602 1553 Imola
1626 1527 1660 1553 et
1677 1532 1755 1553 cum
1780 1521 1830 1553 eis
1853 1521 2013 1563 expulsus
2028 1521 2096 1554 fuit

245 1577 403 1610 dominus
417 1577 604 1621 Jacobinus
619 1576 759 1620 Picolus
775 1577 818 1609 de
831 1575 1123 1618 Prindipartibus‚
1140 1581 1222 1608 tunc
1239 1581 1391 1618 potestas
1408 1575 1545 1607 Imolae.
1590 1573 1672 1612 Qua
1695 1575 1739 1607 de
1764 1585 1868 1607 causa
1884 1575 1927 1607 de
1940 1574 2097 1607 Bononia
2118 1572 2160 1607 25

243 1630 382 1663 iverunt
404 1631 545 1663 Imolam
561 1631 630 1663 duo
647 1630 754 1662 millia
770 1630 874 1662 cives.
906 1629 978 1662 Sed
993 1629 1101 1662 Pinus
1118 1629 1226 1661 noluit
1242 1629 1292 1661 eis
1315 1629 1497 1661 restituere
1522 1628 1698 1662 civitatem
1723 1634 1757 1661 et
1781 1628 1950 1661 destruxit
1973 1627 2095 1661 domos

248 1690 284 1716 et
306 1690 419 1716 turres
448 1684 589 1717 alterius
618 1684 742 1726 partis3
773 1689 808 1716 et
839 1683 918 1716 ideo
950 1683 1065 1716 factus
1095 1682 1162 1715 fuit
1193 1682 1365 1715 exercitus
1397 1687 1519 1714 contra
1550 1681 1692 1714 Imolam
1722 1692 1786 1724 per
1809 1691 1955 1714 comune
1979 1681 2094 1714 Bono-

244 1736 322 1769 niae
345 1742 383 1769 ut
405 1742 550 1779 apparet
571 1736 609 1769 in
631 1736 859 1779 praecedenti
882 1736 979 1768 folio.

333 1790 467 1822 Eodem
491 1799 591 1823 anno.
608 1808 650 1812 —-
667 1789 822 1823 Comune
838 1789 1017 1822 Bononiae
1034 1789 1126 1822 misit
1148 1789 1194 1821 ad
1216 1800 1334 1833 regem
1358 1790 1388 1822 F
1388 1788 1526 1822 tanciae
1551 1794 1698 1831 quatuor
1720 1788 1971 1821 ambaxiatores
1986 1787 2095 1820 hono-

245 1842 372 1876 rabiles
395 1844 499 1882 cives,
516 1844 681 1876 videlicet
698 1843 784 1876 duos
806 1843 932 1875 milites
948 1849 983 1876 et
999 1843 1085 1875 duos
1102 1843 1313 1875 domicellos.
1353 1842 1547 1875 Videlicet:
1566 1842 1724 1875 dominus
1739 1840 1940 1874 Alexander
1956 1841 2000 1874 de
2015 1839 2095 1873 Asi-
2117 1841 2160 1873 30

245 1895 346 1928 nellis
367 1896 474 1935 miles,
491 1896 650 1929 dominus
665 1896 822 1928 Taninus
846 1895 890 1928 de
913 1895 1195 1938 Prindipartibus
1210 1895 1318 1933 miles,
1335 1894 1460 1928 Petrus
1484 1895 1598 1927 Guelfi
1616 1895 1659 1927 de
1677 1894 1895 1927 Griffonibus
1915 1899 1950 1926 et
1965 1893 2095 1937 Johan-

245 1958 306 1981 nes
322 1949 366 1982 de
382 1949 631 1988 Bocadecanis,
656 1948 842 1981 domicelli.
889 1947 962 1986 Qui
992 1948 1245 1982 ambaxiatores
1267 1948 1410 1981 fuerunt
1432 1948 1621 1981 honorifice
1645 1948 1781 1990 recepti
1804 1958 1825 1980 a
1849 1947 1988 1980 domino
2011 1957 2094 1992 rege

246 2007 281 2034 et
296 2012 358 2034 rex
371 2002 459 2035 fecit
474 2003 600 2036 milites
614 2002 814 2045 praedictos
828 2001 971 2034 Petrum
989 2001 1155 2034 Guelfum
1173 2007 1208 2034 et
1224 2001 1418 2044 Johannem
1435 2007 1470 2034 et
1487 2001 1629 2034 donavit
1653 2001 1703 2033 eis
1719 2010 1826 2044 equos
1842 2006 1877 2033 et
1893 2000 1962 2033 alia
1977 2000 2093 2033 multa.

332 2055 590 2089 M.CCLXIIII.
615 2074 656 2078 —
680 2055 847 2088 Dominus
877 2053 1068 2087 Andriolus
1090 2054 1186 2087 Zeno
1218 2055 1261 2087 de
1285 2054 1445 2088 Venetiis
1475 2054 1542 2087 fuit
1572 2060 1723 2097 potestas
1749 2054 1938 2087 Bononiae.
2117 2051 2158 2085 35

331 2109 466 2142 Eodem
489 2119 591 2142 anno.
607 2127 649 2132 -
665 2108 834 2141 Dominus
847 2106 927 2152 Αςο
949 2107 1103 2140 marchio
1120 2107 1273 2140 Estensis
1296 2108 1447 2141 decessit
1470 2114 1504 2140 et
1527 2107 1665 2151 Oppico
1689 2107 1854 2146 Estensis‚
1880 2105 1953 2150 ejus
1975 2116 2095 2150 nepos,

245 2162 411 2195 successit
433 2162 509 2196 sibi.

331 2215 465 2248 Eodem
488 2226 589 2249 anno.
614 2234 656 2239 —
680 2216 868 2249 Imolenses
891 2221 1144 2258 supposuerunt
1166 2226 1203 2248 se
1228 2215 1367 2248 comuni
1389 2215 1568 2248 Bononiae
1597 2226 1675 2247 cum
1698 2220 1802 2257 pacto
1828 2214 1922 2257 quod
1944 2217 2096 2256 potestas

242 2266 462 2302 bononiensis
484 2274 573 2302 esset
595 2275 746 2312 potestas
769 2269 896 2302 Imolae
921 2275 956 2302 et
987 2269 1174 2302 Imolenses
1204 2274 1408 2302 tenerentur
1424 2268 1507 2301 dare
1532 2269 1646 2301 eidem
1669 2268 1831 2311 potestati
1854 2270 1892 2300 v⁶
1906 2267 2010 2300 libras
2032 2265 2094 2300 bo-

243 2322 448 2355 noninorum
471 2323 515 2356 de
539 2323 673 2356 salario.
1886 2362 1889 2364 K
2117 2321 2160 2353 40

330 2375 554 2410 M.CCLXV.
586 2395 628 2400 —
651 2377 820 2410 Dominus
843 2376 1050 2410 Guilielmus
1074 2377 1117 2409 de
1143 2375 1245 2410 Sesso
1270 2382 1304 2409 et
1328 2376 1487 2409 dominus
1509 2376 1668 2419 Filippus
1690 2376 1835 2420 Beligno
1867 2375 1913 2408 de
1935 2374 2095 2408 Venetiis

244 2427 385 2462 fuerunt
406 2434 594 2471 potestates
615 2429 804 2463 Bononiae.

330 2482 465 2515 Eodem
488 2492 590 2515 anno·
615 2500 656 2505 -
678 2482 894 2516 Lambertini
917 2483 1172 2516 interfecerunt
1195 2482 1461 2516 Scanabechum
1494 2483 1537 2515 de
1562 2482 1800 2524 Scanabichis,
1825 2492 1893 2525 qua
1916 2481 1961 2515 de
1992 2490 2095 2514 causa

246 2533 440 2567 destructae
464 2535 606 2568 fuerunt
629 2536 751 2568 domus
774 2528 905 2568 domini
929 2535 1105 2569 Guilielmi
1129 2542 1164 2569 et
1187 2536 1319 2568 domini
1341 2536 1556 2569 Brandelixii
1581 2536 1624 2568 de
1647 2535 1890 2569 Lambertinis.

330 2587 464 2621 Eodem
488 2598 589 2621 anno.
613 2607 654 2611 —
677 2588 764 2622 Pars
786 2589 831 2622 de
854 2589 1021 2622 Robertis
1044 2589 1087 2622 de
1110 2589 1226 2633 Regio
1250 2590 1381 2632 expulit
1403 2595 1536 2632 partem
1559 2589 1696 2622 illorum
1724 2589 1768 2622 de
1800 2588 1901 2622 Sesso
1933 2587 1977 2621 de
2009 2587 2094 2620 civi-
2116 2585 2158 2619 45

245 2645 314 2672 tate
337 2640 454 2685 Regii.

337 2694 469 2727 Eodem
503 2705 605 2728 anno.
640 2714 682 2718 —
714 2695 866 2729 Offitium
897 2696 1146 2730 memorialium
1177 2697 1334 2729 comunis
1365 2697 1541 2730 Bononiae
1576 2697 1755 2729 inventum
1789 2696 1856 2729 fuit
1890 2695 1946 2728 die
1980 2694 2093 2738 primo

243 2749 369 2781 mensis
390 2747 487 2792 maji3
515 2755 551 2782 et
580 2749 798 2783 ordinatores
819 2750 926 2793 ipsius
948 2749 1052 2783 officii
1074 2750 1217 2783 fuerunt
1241 2751 1309 2783 duo
1334 2749 1441 2783 cives'
1465 2750 1705 2789 bononienses,
1728 2749 1909 2783 videlicet:
1934 2748 2094 2782 dominus

290 2939 316 2965 dl
333 2894 365 2919 16
383 2896 415 2920 ut
432 2896 599 2962 vbldebiiim.
619 2897 759 2931 sequenti]
777 2898 906 2931 agg.·p2'1'c
924 2899 1002 2925 tardi
1019 2914 1052 2918 —
1074 2905 1106 2933 19
1127 2898 1205 2932 1²63]
1224 2907 1292 2933 agg.
1306 2898 1357 2932 pi&
1376 2900 1460 2925 tardi.
1481 2913 1513 2918 —
1533 2899 1567 2931 48
1585 2899 1702 2925 duo.
1721 2897 1918 2931 bononienses]
1936 2898 2028 2923 scritto
2040 2895 2092 2929 pis

243 2941 288 2975 (ar
314 2939 319 2945 ’
335 2946 364 2962 su
383 2946 442 2963 rasc
459 2939 551 2975 latura
