<?xml version="1.0" encoding="UTF-8"?>
<!DOCTYPE html PUBLIC "-//W3C//DTD XHTML 1.0 Transitional//EN"
    "http://www.w3.org/TR/xhtml1/DTD/xhtml1-transitional.dtd">
<html xmlns="http://www.w3.org/1999/xhtml" xml:lang="en" lang="en">
 <head>
  <title>
</title>
<meta http-equiv="Content-Type" content="text/html;charset=utf-8" />
  <meta name='ocr-system' content='tesseract 3.04.00' />
  <meta name='ocr-capabilities' content='ocr_page ocr_carea ocr_par ocr_line ocrx_word'/>
</head>
<body>
  <div class='ocr_page' id='page_1' title='image "./rerumitalicarums182murauoft_0124.png"; bbox 0 0 2196 3424; ppageno 0'>
   <div class='ocr_carea' id='block_1_1' title="bbox 36 1042 165 1067">
    <p class='ocr_par' dir='ltr' id='par_1_1' title="bbox 36 1042 165 1067">
     <span class='ocr_line' id='line_1_1' title="bbox 36 1042 165 1067; baseline 0.016 -5"><span class='ocrx_word' id='word_1_1' title='bbox 36 1042 112 1067; x_wconf 59' lang='lat' dir='ltr'><strong>Mum,</strong></span> <span class='ocrx_word' id='word_1_2' title='bbox 130 1042 165 1064; x_wconf 83' lang='lat'><strong>157</strong></span> 
     </span>
    </p>
   </div>
   <div class='ocr_carea' id='block_1_2' title="bbox 65 2263 157 2287">
    <p class='ocr_par' dir='ltr' id='par_1_2' title="bbox 65 2263 157 2287">
     <span class='ocr_line' id='line_1_2' title="bbox 65 2263 157 2287; baseline 0.022 -6"><span class='ocrx_word' id='word_1_3' title='bbox 65 2268 84 2282; x_wconf 87' lang='lat' dir='ltr'><strong>c.</strong></span> <span class='ocrx_word' id='word_1_4' title='bbox 99 2263 157 2287; x_wconf 74' lang='lat'><strong>8515</strong></span> 
     </span>
    </p>
   </div>
   <div class='ocr_carea' id='block_1_3' title="bbox 260 155 2093 205">
    <p class='ocr_par' dir='ltr' id='par_1_3' title="bbox 260 155 2093 205">
     <span class='ocr_line' id='line_1_3' title="bbox 260 155 2093 205; baseline 0.003 -14"><span class='ocrx_word' id='word_1_5' title='bbox 260 155 307 191; x_wconf 89' lang='grc'><strong>48</strong></span> <span class='ocrx_word' id='word_1_6' title='bbox 796 156 1081 193; x_wconf 88' lang='grc' dir='ltr'><strong>ΜΑΤΤΗΑΕΙ</strong></span> <span class='ocrx_word' id='word_1_7' title='bbox 1109 157 1179 192; x_wconf 91' lang='lat' dir='ltr'><strong>DE</strong></span> <span class='ocrx_word' id='word_1_8' title='bbox 1208 158 1550 195; x_wconf 89' lang='lat' dir='ltr'><strong>GRIFFONIBUS</strong></span> <span class='ocrx_word' id='word_1_9' title='bbox 1939 167 2093 205; x_wconf 76' lang='lat' dir='ltr'><strong>[A.13361</strong></span> 
     </span>
    </p>
   </div>
   <div class='ocr_carea' id='block_1_4' title="bbox 1975 236 2091 244">
    <p class='ocr_par' dir='ltr' id='par_1_4' title="bbox 1975 236 2091 244">
     <span class='ocr_line' id='line_1_4' title="bbox 1975 236 2091 244; baseline 0 0"><span class='ocrx_word' id='word_1_10' title='bbox 1975 236 2091 244; x_wconf 95' lang='lat' dir='ltr'><strong> </strong></span> 
     </span>
    </p>
   </div>
   <div class='ocr_carea' id='block_1_5' title="bbox 228 289 2162 2832">
    <p class='ocr_par' dir='ltr' id='par_1_5' title="bbox 240 289 2162 1345">
     <span class='ocr_line' id='line_1_5' title="bbox 250 289 2089 335; baseline 0.003 -13"><span class='ocrx_word' id='word_1_11' title='bbox 250 295 368 332; x_wconf 88' lang='lat' dir='ltr'><strong>portae</strong></span> <span class='ocrx_word' id='word_1_12' title='bbox 393 289 493 328; x_wconf 85' lang='lat' dir='ltr'><strong>Steri,</strong></span> <span class='ocrx_word' id='word_1_13' title='bbox 516 300 557 322; x_wconf 91' lang='lat' dir='ltr'><strong>eo</strong></span> <span class='ocrx_word' id='word_1_14' title='bbox 580 290 661 333; x_wconf 92' lang='lat' dir='ltr'><strong>quia</strong></span> <span class='ocrx_word' id='word_1_15' title='bbox 684 289 823 334; x_wconf 88' lang='lat' dir='ltr'><strong>quidam</strong></span> <span class='ocrx_word' id='word_1_16' title='bbox 847 291 890 323; x_wconf 91' lang='lat' dir='ltr'><strong>de</strong></span> <span class='ocrx_word' id='word_1_17' title='bbox 914 291 1105 324; x_wconf 84' lang='lat' dir='ltr'><strong>Ghisileriis</strong></span> <span class='ocrx_word' id='word_1_18' title='bbox 1128 296 1163 323; x_wconf 89' lang='lat' dir='ltr'><strong>et</strong></span> <span class='ocrx_word' id='word_1_19' title='bbox 1186 292 1326 335; x_wconf 89' lang='lat' dir='ltr'><strong>quidam</strong></span> <span class='ocrx_word' id='word_1_20' title='bbox 1349 292 1392 324; x_wconf 88' lang='lat' dir='ltr'><strong>de</strong></span> <span class='ocrx_word' id='word_1_21' title='bbox 1416 291 1603 325; x_wconf 87' lang='lat' dir='ltr'><strong>Gozadinis</strong></span> <span class='ocrx_word' id='word_1_22' title='bbox 1618 299 1857 335; x_wconf 89' lang='lat' dir='ltr'><strong>percusserunt</strong></span> <span class='ocrx_word' id='word_1_23' title='bbox 1873 295 1983 328; x_wconf 89' lang='lat' dir='ltr'><strong>noctis</strong></span> <span class='ocrx_word' id='word_1_24' title='bbox 2005 301 2089 329; x_wconf 85' lang='lat' dir='ltr'><strong>tem-</strong></span> 
     </span>
     <span class='ocr_line' id='line_1_6' title="bbox 248 343 2089 391; baseline 0.004 -17"><span class='ocrx_word' id='word_1_25' title='bbox 248 352 331 384; x_wconf 88' lang='lat' dir='ltr'>pore</span> <span class='ocrx_word' id='word_1_26' title='bbox 354 353 456 375; x_wconf 90' lang='lat' dir='ltr'><strong>unum</strong></span> <span class='ocrx_word' id='word_1_27' title='bbox 481 344 523 375; x_wconf 92' lang='lat' dir='ltr'><strong>de</strong></span> <span class='ocrx_word' id='word_1_28' title='bbox 546 343 678 376; x_wconf 85' lang='lat' dir='ltr'><strong>familia</strong></span> <span class='ocrx_word' id='word_1_29' title='bbox 702 343 830 376; x_wconf 87' lang='lat' dir='ltr'><strong>domini</strong></span> <span class='ocrx_word' id='word_1_30' title='bbox 853 345 1031 386; x_wconf 88' lang='lat' dir='ltr'><strong>potestatis</strong></span> <span class='ocrx_word' id='word_1_31' title='bbox 1053 349 1087 376; x_wconf 91' lang='lat' dir='ltr'><strong>et</strong></span> <span class='ocrx_word' id='word_1_32' title='bbox 1110 345 1316 388; x_wconf 85' lang='lat' dir='ltr'><strong>fugaverunt</strong></span> <span class='ocrx_word' id='word_1_33' title='bbox 1339 344 1504 376; x_wconf 85' lang='lat' dir='ltr'><strong>familiam</strong></span> <span class='ocrx_word' id='word_1_34' title='bbox 1527 346 1705 387; x_wconf 85' lang='lat' dir='ltr'><strong>potestatis</strong></span> <span class='ocrx_word' id='word_1_35' title='bbox 1727 357 1832 390; x_wconf 85' lang='lat' dir='ltr'><strong>usque</strong></span> <span class='ocrx_word' id='word_1_36' title='bbox 1854 348 1890 380; x_wconf 90' lang='lat' dir='ltr'><strong>in</strong></span> <span class='ocrx_word' id='word_1_37' title='bbox 1913 349 2089 391; x_wconf 87' lang='lat' dir='ltr'><strong>palatium.</strong></span> 
     </span>
     <span class='ocr_line' id='line_1_7' title="bbox 247 395 2088 444; baseline 0.004 -16"><span class='ocrx_word' id='word_1_38' title='bbox 247 395 371 428; x_wconf 85' lang='lat' dir='ltr'><strong>Postea</strong></span> <span class='ocrx_word' id='word_1_39' title='bbox 394 396 523 428; x_wconf 85' lang='lat' dir='ltr'><strong>familia</strong></span> <span class='ocrx_word' id='word_1_40' title='bbox 546 397 724 439; x_wconf 87' lang='lat' dir='ltr'><strong>potestatis</strong></span> <span class='ocrx_word' id='word_1_41' title='bbox 746 397 869 429; x_wconf 87' lang='lat' dir='ltr'><strong>iterum</strong></span> <span class='ocrx_word' id='word_1_42' title='bbox 893 398 995 430; x_wconf 91' lang='lat' dir='ltr'><strong>rediit</strong></span> <span class='ocrx_word' id='word_1_43' title='bbox 1018 403 1052 430; x_wconf 90' lang='lat' dir='ltr'><strong>et</strong></span> <span class='ocrx_word' id='word_1_44' title='bbox 1076 398 1197 430; x_wconf 88' lang='lat' dir='ltr'><strong>iterum</strong></span> <span class='ocrx_word' id='word_1_45' title='bbox 1221 399 1341 442; x_wconf 84' lang='lat' dir='ltr'><strong>fugata</strong></span> <span class='ocrx_word' id='word_1_46' title='bbox 1364 398 1431 429; x_wconf 89' lang='lat' dir='ltr'><strong>fuit</strong></span> <span class='ocrx_word' id='word_1_47' title='bbox 1454 398 1585 430; x_wconf 88' lang='lat' dir='ltr'><strong>familia</strong></span> <span class='ocrx_word' id='word_1_48' title='bbox 1608 403 1642 431; x_wconf 86' lang='lat' dir='ltr'><strong>et</strong></span> <span class='ocrx_word' id='word_1_49' title='bbox 1666 399 1734 432; x_wconf 93' lang='lat' dir='ltr'><strong>duo</strong></span> <span class='ocrx_word' id='word_1_50' title='bbox 1750 400 1809 432; x_wconf 87' lang='lat' dir='ltr'><strong>alii</strong></span> <span class='ocrx_word' id='word_1_51' title='bbox 1833 402 1876 433; x_wconf 93' lang='lat' dir='ltr'><strong>de</strong></span> <span class='ocrx_word' id='word_1_52' title='bbox 1891 402 1966 444; x_wconf 87' lang='lat' dir='ltr'><strong>ipsa</strong></span> <span class='ocrx_word' id='word_1_53' title='bbox 1988 403 2088 435; x_wconf 84' lang='lat' dir='ltr'><strong>fami-</strong></span> 
     </span>
     <span class='ocr_line' id='line_1_8' title="bbox 247 448 2087 495; baseline 0.004 -15"><span class='ocrx_word' id='word_1_54' title='bbox 247 448 292 480; x_wconf 87' lang='lat' dir='ltr'><strong>lia</strong></span> <span class='ocrx_word' id='word_1_55' title='bbox 310 450 447 482; x_wconf 84' lang='lat' dir='ltr'><strong>fuerunt</strong></span> <span class='ocrx_word' id='word_1_56' title='bbox 463 450 624 492; x_wconf 85' lang='lat' dir='ltr'>percussi.</span> <span class='ocrx_word' id='word_1_57' title='bbox 660 450 706 482; x_wconf 90' lang='lat' dir='ltr'><strong>Et</strong></span> <span class='ocrx_word' id='word_1_58' title='bbox 721 449 766 482; x_wconf 95' lang='lat' dir='ltr'><strong>ob</strong></span> <span class='ocrx_word' id='word_1_59' title='bbox 781 450 818 483; x_wconf 86' lang='lat' dir='ltr'><strong>id</strong></span> <span class='ocrx_word' id='word_1_60' title='bbox 834 450 960 483; x_wconf 88' lang='lat' dir='ltr'><strong>multae</strong></span> <span class='ocrx_word' id='word_1_61' title='bbox 976 451 1116 483; x_wconf 88' lang='lat' dir='ltr'><strong>fuerunt</strong></span> <span class='ocrx_word' id='word_1_62' title='bbox 1132 451 1346 483; x_wconf 86' lang='lat' dir='ltr'><strong>coadunatae</strong></span> <span class='ocrx_word' id='word_1_63' title='bbox 1361 456 1480 494; x_wconf 83' lang='lat' dir='ltr'><strong>gentes</strong></span> <span class='ocrx_word' id='word_1_64' title='bbox 1492 461 1595 484; x_wconf 87' lang='lat' dir='ltr'><strong>causa</strong></span> <span class='ocrx_word' id='word_1_65' title='bbox 1608 452 1752 495; x_wconf 86' lang='lat' dir='ltr'><strong>fugandi</strong></span> <span class='ocrx_word' id='word_1_66' title='bbox 1769 453 1897 486; x_wconf 86' lang='lat' dir='ltr'><strong>dictam</strong></span> <span class='ocrx_word' id='word_1_67' title='bbox 1913 455 2087 488; x_wconf 88' lang='lat' dir='ltr'><strong>familiam.</strong></span> 
     </span>
     <span class='ocr_line' id='line_1_9' title="bbox 246 503 2152 547; baseline 0.004 -13"><span class='ocrx_word' id='word_1_68' title='bbox 246 503 310 534; x_wconf 90' lang='lat' dir='ltr'><strong>Die</strong></span> <span class='ocrx_word' id='word_1_69' title='bbox 333 512 414 534; x_wconf 89' lang='lat' dir='ltr'><strong>vero</strong></span> <span class='ocrx_word' id='word_1_70' title='bbox 438 503 603 545; x_wconf 86' lang='lat' dir='ltr'><strong>sequenti,</strong></span> <span class='ocrx_word' id='word_1_71' title='bbox 628 503 708 546; x_wconf 88' lang='lat' dir='ltr'><strong>quia</strong></span> <span class='ocrx_word' id='word_1_72' title='bbox 731 509 881 546; x_wconf 88' lang='lat' dir='ltr'><strong>potestas</strong></span> <span class='ocrx_word' id='word_1_73' title='bbox 904 504 1079 536; x_wconf 84' lang='lat' dir='ltr'><strong>Bononiae</strong></span> <span class='ocrx_word' id='word_1_74' title='bbox 1104 504 1147 536; x_wconf 89' lang='lat' dir='ltr'><strong>de</strong></span> <span class='ocrx_word' id='word_1_75' title='bbox 1164 504 1230 536; x_wconf 93' lang='lat' dir='ltr'><strong>hoc</strong></span> <span class='ocrx_word' id='word_1_76' title='bbox 1255 503 1529 547; x_wconf 80' lang='lat' dir='ltr'><strong>conquerebatur</strong></span> <span class='ocrx_word' id='word_1_77' title='bbox 1555 510 1590 537; x_wconf 92' lang='lat' dir='ltr'><strong>et</strong></span> <span class='ocrx_word' id='word_1_78' title='bbox 1616 505 1753 538; x_wconf 85' lang='lat' dir='ltr'><strong>volebat</strong></span> <span class='ocrx_word' id='word_1_79' title='bbox 1770 506 1925 539; x_wconf 85' lang='lat' dir='ltr'><strong>dimitere</strong></span> <span class='ocrx_word' id='word_1_80' title='bbox 1948 508 2088 541; x_wconf 89' lang='lat' dir='ltr'><strong>offitium</strong></span> <span class='ocrx_word' id='word_1_81' title='bbox 2134 507 2152 541; x_wconf 88' lang='lat'><strong>5</strong></span> 
     </span>
     <span class='ocr_line' id='line_1_10' title="bbox 245 556 2090 604; baseline 0.004 -17"><span class='ocrx_word' id='word_1_82' title='bbox 245 561 278 588; x_wconf 90' lang='lat' dir='ltr'><strong>et</strong></span> <span class='ocrx_word' id='word_1_83' title='bbox 302 556 472 594; x_wconf 83' lang='lat' dir='ltr'><strong>recedere,</strong></span> <span class='ocrx_word' id='word_1_84' title='bbox 495 556 642 598; x_wconf 90' lang='lat' dir='ltr'><strong>populus</strong></span> <span class='ocrx_word' id='word_1_85' title='bbox 664 557 700 588; x_wconf 92' lang='lat' dir='ltr'><strong>in</strong></span> <span class='ocrx_word' id='word_1_86' title='bbox 725 556 867 589; x_wconf 88' lang='lat' dir='ltr'><strong>consilio</strong></span> <span class='ocrx_word' id='word_1_87' title='bbox 892 556 987 589; x_wconf 90' lang='lat' dir='ltr'><strong>dedit</strong></span> <span class='ocrx_word' id='word_1_88' title='bbox 1010 556 1075 589; x_wconf 89' lang='lat' dir='ltr'><strong>sibi</strong></span> <span class='ocrx_word' id='word_1_89' title='bbox 1099 567 1260 600; x_wconf 88' lang='lat' dir='ltr'><strong>magnum</strong></span> <span class='ocrx_word' id='word_1_90' title='bbox 1290 557 1468 589; x_wconf 89' lang='lat' dir='ltr'><strong>arbitrium</strong></span> <span class='ocrx_word' id='word_1_91' title='bbox 1499 558 1696 600; x_wconf 91' lang='lat' dir='ltr'><strong>inquirendi</strong></span> <span class='ocrx_word' id='word_1_92' title='bbox 1727 564 1761 591; x_wconf 91' lang='lat' dir='ltr'><strong>et</strong></span> <span class='ocrx_word' id='word_1_93' title='bbox 1791 560 1957 601; x_wconf 86' lang='lat' dir='ltr'><strong>puniendi</strong></span> <span class='ocrx_word' id='word_1_94' title='bbox 1987 572 2090 604; x_wconf 88' lang='lat' dir='ltr'><strong>super</strong></span> 
     </span>
     <span class='ocr_line' id='line_1_11' title="bbox 246 608 2089 653; baseline 0.003 -13"><span class='ocrx_word' id='word_1_95' title='bbox 246 609 304 640; x_wconf 92' lang='lat' dir='ltr'><strong>illo</strong></span> <span class='ocrx_word' id='word_1_96' title='bbox 328 609 465 652; x_wconf 86' lang='lat' dir='ltr'><strong>negotio</strong></span> <span class='ocrx_word' id='word_1_97' title='bbox 488 615 522 641; x_wconf 91' lang='lat' dir='ltr'><strong>et</strong></span> <span class='ocrx_word' id='word_1_98' title='bbox 545 609 573 641; x_wconf 89' lang='lat' dir='ltr'><strong>si</strong></span> <span class='ocrx_word' id='word_1_99' title='bbox 595 609 719 652; x_wconf 88' lang='lat' dir='ltr'><strong>aliquis</strong></span> <span class='ocrx_word' id='word_1_100' title='bbox 741 608 942 642; x_wconf 88' lang='lat' dir='ltr'><strong>banniretur</strong></span> <span class='ocrx_word' id='word_1_101' title='bbox 972 610 1066 642; x_wconf 86' lang='lat' dir='ltr'><strong>dicta</strong></span> <span class='ocrx_word' id='word_1_102' title='bbox 1098 611 1141 642; x_wconf 93' lang='lat' dir='ltr'><strong>de</strong></span> <span class='ocrx_word' id='word_1_103' title='bbox 1171 620 1284 649; x_wconf 87' lang='lat' dir='ltr'><strong>causa,</strong></span> <span class='ocrx_word' id='word_1_104' title='bbox 1317 621 1501 653; x_wconf 89' lang='lat' dir='ltr'><strong>numquam</strong></span> <span class='ocrx_word' id='word_1_105' title='bbox 1532 617 1647 653; x_wconf 84' lang='lat' dir='ltr'><strong>posset</strong></span> <span class='ocrx_word' id='word_1_106' title='bbox 1677 611 1872 651; x_wconf 87' lang='lat' dir='ltr'><strong>cancellari,</strong></span> <span class='ocrx_word' id='word_1_107' title='bbox 1904 614 1970 645; x_wconf 84' lang='lat' dir='ltr'><strong>nisi</strong></span> <span class='ocrx_word' id='word_1_108' title='bbox 1999 614 2089 647; x_wconf 90' lang='lat' dir='ltr'><strong>irent</strong></span> 
     </span>
     <span class='ocr_line' id='line_1_12' title="bbox 245 662 2088 709; baseline 0.004 -16"><span class='ocrx_word' id='word_1_109' title='bbox 245 662 443 694; x_wconf 86' lang='lat' dir='ltr'><strong>cartesellae</strong></span> <span class='ocrx_word' id='word_1_110' title='bbox 466 672 529 704; x_wconf 92' lang='lat' dir='ltr'><strong>per</strong></span> <span class='ocrx_word' id='word_1_111' title='bbox 551 663 741 695; x_wconf 83' lang='lat' dir='ltr'><strong>societates.</strong></span> <span class='ocrx_word' id='word_1_112' title='bbox 788 664 834 695; x_wconf 90' lang='lat' dir='ltr'><strong>Et</strong></span> <span class='ocrx_word' id='word_1_113' title='bbox 856 669 978 709; x_wconf 87' lang='lat' dir='ltr'><strong>postea</strong></span> <span class='ocrx_word' id='word_1_114' title='bbox 998 664 1034 695; x_wconf 91' lang='lat' dir='ltr'><strong>in</strong></span> <span class='ocrx_word' id='word_1_115' title='bbox 1058 663 1127 695; x_wconf 89' lang='lat' dir='ltr'><strong>alio</strong></span> <span class='ocrx_word' id='word_1_116' title='bbox 1150 664 1295 695; x_wconf 88' lang='lat' dir='ltr'><strong>consilio</strong></span> <span class='ocrx_word' id='word_1_117' title='bbox 1319 663 1460 696; x_wconf 88' lang='lat' dir='ltr'><strong>ellectus</strong></span> <span class='ocrx_word' id='word_1_118' title='bbox 1476 664 1543 695; x_wconf 87' lang='lat' dir='ltr'><strong>fuit</strong></span> <span class='ocrx_word' id='word_1_119' title='bbox 1559 673 1668 696; x_wconf 87' lang='lat' dir='ltr'><strong>novus</strong></span> <span class='ocrx_word' id='word_1_120' title='bbox 1691 665 1849 698; x_wconf 86' lang='lat' dir='ltr'><strong>dominus</strong></span> <span class='ocrx_word' id='word_1_121' title='bbox 1870 665 2021 709; x_wconf 91' lang='lat' dir='ltr'><strong>Jacobus</strong></span> <span class='ocrx_word' id='word_1_122' title='bbox 2044 668 2088 700; x_wconf 88' lang='lat' dir='ltr'><strong>de</strong></span> 
     </span>
     <span class='ocr_line' id='line_1_13' title="bbox 244 714 2086 762; baseline 0.004 -16"><span class='ocrx_word' id='word_1_123' title='bbox 244 714 470 747; x_wconf 87' lang='lat' dir='ltr'><strong>Cabriellibus</strong></span> <span class='ocrx_word' id='word_1_124' title='bbox 487 716 530 747; x_wconf 90' lang='lat' dir='ltr'><strong>de</strong></span> <span class='ocrx_word' id='word_1_125' title='bbox 546 715 715 759; x_wconf 88' lang='lat' dir='ltr'><strong>Eugubio,</strong></span> <span class='ocrx_word' id='word_1_126' title='bbox 740 717 798 759; x_wconf 92' lang='lat' dir='ltr'><strong>qui</strong></span> <span class='ocrx_word' id='word_1_127' title='bbox 822 721 904 748; x_wconf 92' lang='lat' dir='ltr'><strong>tunc</strong></span> <span class='ocrx_word' id='word_1_128' title='bbox 928 721 1002 748; x_wconf 91' lang='lat' dir='ltr'><strong>erat</strong></span> <span class='ocrx_word' id='word_1_129' title='bbox 1025 722 1248 748; x_wconf 88' lang='lat' dir='ltr'><strong>conservator</strong></span> <span class='ocrx_word' id='word_1_130' title='bbox 1270 717 1306 748; x_wconf 93' lang='lat' dir='ltr'><strong>in</strong></span> <span class='ocrx_word' id='word_1_131' title='bbox 1330 717 1470 749; x_wconf 86' lang='lat' dir='ltr'><strong>civitate</strong></span> <span class='ocrx_word' id='word_1_132' title='bbox 1486 717 1693 756; x_wconf 80' lang='lat' dir='ltr'><strong>Florentiae,</strong></span> <span class='ocrx_word' id='word_1_133' title='bbox 1717 717 1813 760; x_wconf 88' lang='lat' dir='ltr'><strong>cujus</strong></span> <span class='ocrx_word' id='word_1_134' title='bbox 1827 719 1967 751; x_wconf 90' lang='lat' dir='ltr'><strong>offitium</strong></span> <span class='ocrx_word' id='word_1_135' title='bbox 1989 725 2086 762; x_wconf 89' lang='lat' dir='ltr'><strong>pote-</strong></span> 
     </span>
     <span class='ocr_line' id='line_1_14' title="bbox 245 768 2153 815; baseline 0.003 -15"><span class='ocrx_word' id='word_1_136' title='bbox 245 769 367 800; x_wconf 88' lang='lat' dir='ltr'><strong>stariae</strong></span> <span class='ocrx_word' id='word_1_137' title='bbox 390 768 446 800; x_wconf 89' lang='lat' dir='ltr'><strong>hic</strong></span> <span class='ocrx_word' id='word_1_138' title='bbox 471 768 618 801; x_wconf 87' lang='lat' dir='ltr'><strong>debebat</strong></span> <span class='ocrx_word' id='word_1_139' title='bbox 640 769 792 811; x_wconf 89' lang='lat' dir='ltr'><strong>incipere</strong></span> <span class='ocrx_word' id='word_1_140' title='bbox 815 769 851 801; x_wconf 88' lang='lat' dir='ltr'><strong>in</strong></span> <span class='ocrx_word' id='word_1_141' title='bbox 875 769 1042 801; x_wconf 88' lang='lat' dir='ltr'><strong>callendis</strong></span> <span class='ocrx_word' id='word_1_142' title='bbox 1062 769 1137 812; x_wconf 87' lang='lat' dir='ltr'><strong>julii</strong></span> <span class='ocrx_word' id='word_1_143' title='bbox 1166 770 1321 811; x_wconf 88' lang='lat' dir='ltr'><strong>proxime</strong></span> <span class='ocrx_word' id='word_1_144' title='bbox 1350 771 1494 802; x_wconf 86' lang='lat' dir='ltr'><strong>venturi.</strong></span> <span class='ocrx_word' id='word_1_145' title='bbox 1541 770 1588 803; x_wconf 93' lang='lat' dir='ltr'><strong>Et</strong></span> <span class='ocrx_word' id='word_1_146' title='bbox 1611 771 1710 803; x_wconf 83' lang='lat' dir='ltr'><strong>datus</strong></span> <span class='ocrx_word' id='word_1_147' title='bbox 1733 771 1800 803; x_wconf 83' lang='lat' dir='ltr'><strong>fuit</strong></span> <span class='ocrx_word' id='word_1_148' title='bbox 1822 772 1908 804; x_wconf 90' lang='lat' dir='ltr'><strong>ordo</strong></span> <span class='ocrx_word' id='word_1_149' title='bbox 1935 774 2029 815; x_wconf 90' lang='lat' dir='ltr'><strong>quod</strong></span> <span class='ocrx_word' id='word_1_150' title='bbox 2058 774 2087 806; x_wconf 86' lang='lat' dir='ltr'><strong>si</strong></span> <span class='ocrx_word' id='word_1_151' title='bbox 2114 773 2153 806; x_wconf 86' lang='lat'><strong>10</strong></span> 
     </span>
     <span class='ocr_line' id='line_1_15' title="bbox 243 821 2088 869; baseline 0.003 -16"><span class='ocrx_word' id='word_1_152' title='bbox 243 821 299 853; x_wconf 91' lang='lat' dir='ltr'><strong>hic</strong></span> <span class='ocrx_word' id='word_1_153' title='bbox 323 821 455 853; x_wconf 89' lang='lat' dir='ltr'><strong>veniret</strong></span> <span class='ocrx_word' id='word_1_154' title='bbox 477 822 513 853; x_wconf 91' lang='lat' dir='ltr'><strong>in</strong></span> <span class='ocrx_word' id='word_1_155' title='bbox 538 821 642 853; x_wconf 92' lang='lat' dir='ltr'><strong>offitio</strong></span> <span class='ocrx_word' id='word_1_156' title='bbox 665 822 881 863; x_wconf 85' lang='lat' dir='ltr'><strong>potestariae‚</strong></span> <span class='ocrx_word' id='word_1_157' title='bbox 906 823 999 865; x_wconf 92' lang='lat' dir='ltr'><strong>quod</strong></span> <span class='ocrx_word' id='word_1_158' title='bbox 1022 828 1139 854; x_wconf 92' lang='lat' dir='ltr'><strong>tenere</strong></span> <span class='ocrx_word' id='word_1_159' title='bbox 1162 828 1279 864; x_wconf 88' lang='lat' dir='ltr'><strong>posset</strong></span> <span class='ocrx_word' id='word_1_160' title='bbox 1301 828 1438 855; x_wconf 90' lang='lat' dir='ltr'><strong>centum</strong></span> <span class='ocrx_word' id='word_1_161' title='bbox 1453 824 1588 866; x_wconf 81' lang='lat' dir='ltr'><strong>pedites</strong></span> <span class='ocrx_word' id='word_1_162' title='bbox 1603 828 1637 856; x_wconf 87' lang='lat' dir='ltr'><strong>et</strong></span> <span class='ocrx_word' id='word_1_163' title='bbox 1652 834 1675 855; x_wconf 90' lang='lat' dir='ltr'>L</span> <span class='ocrx_word' id='word_1_164' title='bbox 1690 824 1832 867; x_wconf 82' lang='lat' dir='ltr'><strong>equites.</strong></span> <span class='ocrx_word' id='word_1_165' title='bbox 1877 825 1924 858; x_wconf 90' lang='lat' dir='ltr'><strong>Et</strong></span> <span class='ocrx_word' id='word_1_166' title='bbox 1945 831 2088 869; x_wconf 87' lang='lat' dir='ltr'><strong>propter</strong></span> 
     </span>
     <span class='ocr_line' id='line_1_16' title="bbox 243 875 2086 918; baseline 0.003 -12"><span class='ocrx_word' id='word_1_167' title='bbox 243 875 370 906; x_wconf 90' lang='lat' dir='ltr'><strong>dictam</strong></span> <span class='ocrx_word' id='word_1_168' title='bbox 395 885 531 906; x_wconf 88' lang='lat' dir='ltr'><strong>causam</strong></span> <span class='ocrx_word' id='word_1_169' title='bbox 555 875 756 917; x_wconf 85' lang='lat' dir='ltr'><strong>capitaneus</strong></span> <span class='ocrx_word' id='word_1_170' title='bbox 777 875 898 917; x_wconf 92' lang='lat' dir='ltr'><strong>populi</strong></span> <span class='ocrx_word' id='word_1_171' title='bbox 920 876 1013 917; x_wconf 88' lang='lat' dir='ltr'><strong>cepit</strong></span> <span class='ocrx_word' id='word_1_172' title='bbox 1045 876 1130 908; x_wconf 90' lang='lat' dir='ltr'><strong>duos</strong></span> <span class='ocrx_word' id='word_1_173' title='bbox 1161 875 1308 907; x_wconf 84' lang='lat' dir='ltr'><strong>famulos</strong></span> <span class='ocrx_word' id='word_1_174' title='bbox 1338 882 1373 908; x_wconf 90' lang='lat' dir='ltr'><strong>et</strong></span> <span class='ocrx_word' id='word_1_175' title='bbox 1403 882 1522 918; x_wconf 87' lang='lat' dir='ltr'><strong>postea</strong></span> <span class='ocrx_word' id='word_1_176' title='bbox 1553 877 1646 918; x_wconf 91' lang='lat' dir='ltr'><strong>cepit</strong></span> <span class='ocrx_word' id='word_1_177' title='bbox 1675 887 1779 909; x_wconf 88' lang='lat' dir='ltr'><strong>unum</strong></span> <span class='ocrx_word' id='word_1_178' title='bbox 1811 878 1855 910; x_wconf 88' lang='lat' dir='ltr'><strong>de</strong></span> <span class='ocrx_word' id='word_1_179' title='bbox 1886 878 2086 918; x_wconf 81' lang='lat' dir='ltr'><strong>Ghissseriis,</strong></span> 
     </span>
     <span class='ocr_line' id='line_1_17' title="bbox 243 926 2086 975; baseline 0.003 -16"><span class='ocrx_word' id='word_1_180' title='bbox 243 927 374 960; x_wconf 87' lang='lat' dir='ltr'><strong>scilicet</strong></span> <span class='ocrx_word' id='word_1_181' title='bbox 396 927 680 960; x_wconf 88' lang='lat' dir='ltr'><strong>Francischinum</strong></span> <span class='ocrx_word' id='word_1_182' title='bbox 705 929 834 960; x_wconf 90' lang='lat' dir='ltr'><strong>domini</strong></span> <span class='ocrx_word' id='word_1_183' title='bbox 856 927 956 960; x_wconf 90' lang='lat' dir='ltr'><strong>Pucii</strong></span> <span class='ocrx_word' id='word_1_184' title='bbox 980 928 1084 961; x_wconf 92' lang='lat' dir='ltr'><strong>Surdi</strong></span> <span class='ocrx_word' id='word_1_185' title='bbox 1109 929 1151 961; x_wconf 91' lang='lat' dir='ltr'><strong>de</strong></span> <span class='ocrx_word' id='word_1_186' title='bbox 1175 926 1385 968; x_wconf 82' lang='lat' dir='ltr'><strong>Ghisileriis,&#39;</strong></span> <span class='ocrx_word' id='word_1_187' title='bbox 1400 940 1501 972; x_wconf 87' lang='lat' dir='ltr'><strong>quem</strong></span> <span class='ocrx_word' id='word_1_188' title='bbox 1524 931 1745 962; x_wconf 85' lang='lat' dir='ltr'><strong>tormentavit</strong></span> <span class='ocrx_word' id='word_1_189' title='bbox 1767 935 1802 963; x_wconf 90' lang='lat' dir='ltr'><strong>et</strong></span> <span class='ocrx_word' id='word_1_190' title='bbox 1817 931 1954 964; x_wconf 85' lang='lat' dir='ltr'><strong>volebat</strong></span> <span class='ocrx_word' id='word_1_191' title='bbox 1975 932 2086 975; x_wconf 85' lang='lat' dir='ltr'><strong>ipsum</strong></span> 
     </span>
     <span class='ocr_line' id='line_1_18' title="bbox 240 981 2086 1024; baseline 0.003 -12"><span class='ocrx_word' id='word_1_192' title='bbox 240 981 456 1023; x_wconf 83' lang='lat' dir='ltr'><strong>decapitare3</strong></span> <span class='ocrx_word' id='word_1_193' title='bbox 481 982 541 1013; x_wconf 93' lang='lat' dir='ltr'><strong>sed</strong></span> <span class='ocrx_word' id='word_1_194' title='bbox 564 987 736 1023; x_wconf 88' lang='lat' dir='ltr'><strong>repertum</strong></span> <span class='ocrx_word' id='word_1_195' title='bbox 759 982 827 1013; x_wconf 91' lang='lat' dir='ltr'><strong>fuit</strong></span> <span class='ocrx_word' id='word_1_196' title='bbox 851 982 943 1024; x_wconf 93' lang='lat' dir='ltr'><strong>quod</strong></span> <span class='ocrx_word' id='word_1_197' title='bbox 966 987 1119 1024; x_wconf 89' lang='lat' dir='ltr'><strong>tempore</strong></span> <span class='ocrx_word' id='word_1_198' title='bbox 1143 982 1228 1014; x_wconf 91' lang='lat' dir='ltr'><strong>dicti</strong></span> <span class='ocrx_word' id='word_1_199' title='bbox 1251 983 1397 1014; x_wconf 89' lang='lat' dir='ltr'><strong>rumoris</strong></span> <span class='ocrx_word' id='word_1_200' title='bbox 1421 983 1533 1015; x_wconf 90' lang='lat' dir='ltr'><strong>dictus</strong></span> <span class='ocrx_word' id='word_1_201' title='bbox 1556 983 1821 1016; x_wconf 84' lang='lat' dir='ltr'><strong>Francischinus</strong></span> <span class='ocrx_word' id='word_1_202' title='bbox 1844 990 1918 1017; x_wconf 91' lang='lat' dir='ltr'><strong>erat</strong></span> <span class='ocrx_word' id='word_1_203' title='bbox 1940 985 1986 1017; x_wconf 84' lang='lat' dir='ltr'><strong>ad</strong></span> <span class='ocrx_word' id='word_1_204' title='bbox 2016 990 2086 1018; x_wconf 86' lang='lat' dir='ltr'><strong>stu-</strong></span> 
     </span>
     <span class='ocr_line' id='line_1_19' title="bbox 241 1029 2162 1077; baseline 0.003 -12"><span class='ocrx_word' id='word_1_205' title='bbox 241 1044 320 1075; x_wconf 85' lang='lat' dir='ltr'><strong>pam</strong></span> <span class='ocrx_word' id='word_1_206' title='bbox 344 1043 408 1066; x_wconf 91' lang='lat' dir='ltr'><strong>nec</strong></span> <span class='ocrx_word' id='word_1_207' title='bbox 432 1039 584 1077; x_wconf 85' lang='lat' dir='ltr'><strong>tempore</strong></span> <span class='ocrx_word' id='word_1_208' title='bbox 607 1035 752 1067; x_wconf 90' lang='lat' dir='ltr'><strong>rumoris</strong></span> <span class='ocrx_word' id='word_1_209' title='bbox 775 1035 842 1067; x_wconf 82' lang='lat' dir='ltr'><strong>fuit</strong></span> <span class='ocrx_word' id='word_1_210' title='bbox 865 1035 900 1066; x_wconf 90' lang='lat' dir='ltr'><strong>in</strong></span> <span class='ocrx_word' id='word_1_211' title='bbox 925 1039 1093 1073; x_wconf 85' lang='lat' dir='ltr'><strong>contrata,</strong></span> <span class='ocrx_word' id='word_1_212' title='bbox 1117 1034 1177 1067; x_wconf 92' lang='lat' dir='ltr'><strong>ubi</strong></span> <span class='ocrx_word' id='word_1_213' title='bbox 1200 1034 1282 1068; x_wconf 87' lang='lat' dir='ltr'><strong>fuit&#39;</strong></span> <span class='ocrx_word' id='word_1_214' title='bbox 1306 1045 1431 1068; x_wconf 89' lang='lat' dir='ltr'><strong>rumor.</strong></span> <span class='ocrx_word' id='word_1_215' title='bbox 1478 1036 1561 1068; x_wconf 90' lang='lat' dir='ltr'><strong>Ideo</strong></span> <span class='ocrx_word' id='word_1_216' title='bbox 1576 1036 1770 1068; x_wconf 89' lang='lat' dir='ltr'><strong>Dinarellus</strong></span> <span class='ocrx_word' id='word_1_217' title='bbox 1792 1042 1827 1069; x_wconf 92' lang='lat' dir='ltr'><strong>et</strong></span> <span class='ocrx_word' id='word_1_218' title='bbox 1849 1037 1910 1069; x_wconf 87' lang='lat' dir='ltr'><strong>alii</strong></span> <span class='ocrx_word' id='word_1_219' title='bbox 1934 1038 1977 1070; x_wconf 92' lang='lat' dir='ltr'><strong>de</strong></span> <span class='ocrx_word' id='word_1_220' title='bbox 2000 1038 2086 1071; x_wconf 86' lang='lat' dir='ltr'><strong>Ghi-</strong></span> <span class='ocrx_word' id='word_1_221' title='bbox 2112 1029 2162 1071; x_wconf 77' lang='lat'><strong>15&#39;</strong></span> 
     </span>
     <span class='ocr_line' id='line_1_20' title="bbox 241 1087 2086 1133; baseline 0.002 -14"><span class='ocrx_word' id='word_1_222' title='bbox 241 1087 362 1119; x_wconf 88' lang='lat' dir='ltr'><strong>sileriis</strong></span> <span class='ocrx_word' id='word_1_223' title='bbox 384 1087 565 1120; x_wconf 90' lang='lat' dir='ltr'><strong>voluerunt</strong></span> <span class='ocrx_word' id='word_1_224' title='bbox 588 1099 664 1120; x_wconf 89' lang='lat' dir='ltr'><strong>eum</strong></span> <span class='ocrx_word' id='word_1_225' title='bbox 689 1089 877 1120; x_wconf 81' lang='lat' dir='ltr'><strong>defendere</strong></span> <span class='ocrx_word' id='word_1_226' title='bbox 900 1098 968 1120; x_wconf 89' lang='lat' dir='ltr'><strong>una</strong></span> <span class='ocrx_word' id='word_1_227' title='bbox 991 1098 1070 1120; x_wconf 92' lang='lat' dir='ltr'><strong>cum</strong></span> <span class='ocrx_word' id='word_1_228' title='bbox 1095 1088 1234 1121; x_wconf 91' lang='lat' dir='ltr'><strong>domino</strong></span> <span class='ocrx_word' id='word_1_229' title='bbox 1257 1088 1484 1121; x_wconf 84' lang='lat' dir='ltr'><strong>Brandelixio</strong></span> <span class='ocrx_word' id='word_1_230' title='bbox 1508 1090 1551 1121; x_wconf 90' lang='lat' dir='ltr'><strong>de</strong></span> <span class='ocrx_word' id='word_1_231' title='bbox 1575 1089 1773 1132; x_wconf 78' lang='lat' dir='ltr'><strong>Gocadinis.</strong></span> <span class='ocrx_word' id='word_1_232' title='bbox 1819 1090 1864 1122; x_wconf 92' lang='lat' dir='ltr'><strong>Et</strong></span> <span class='ocrx_word' id='word_1_233' title='bbox 1888 1091 1968 1133; x_wconf 90' lang='lat' dir='ltr'><strong>quia</strong></span> <span class='ocrx_word' id='word_1_234' title='bbox 1991 1092 2086 1133; x_wconf 88' lang='lat' dir='ltr'><strong>capi-</strong></span> 
     </span>
     <span class='ocr_line' id='line_1_21' title="bbox 240 1140 2084 1184; baseline 0.002 -12"><span class='ocrx_word' id='word_1_235' title='bbox 240 1146 360 1173; x_wconf 89' lang='lat' dir='ltr'><strong>taneus</strong></span> <span class='ocrx_word' id='word_1_236' title='bbox 382 1140 520 1173; x_wconf 86' lang='lat' dir='ltr'><strong>volebat</strong></span> <span class='ocrx_word' id='word_1_237' title='bbox 543 1146 675 1173; x_wconf 89' lang='lat' dir='ltr'><strong>tantum</strong></span> <span class='ocrx_word' id='word_1_238' title='bbox 698 1142 809 1183; x_wconf 88' lang='lat' dir='ltr'><strong>ipsum</strong></span> <span class='ocrx_word' id='word_1_239' title='bbox 832 1141 1127 1180; x_wconf 90' lang='lat' dir='ltr'><strong>Francischinum,</strong></span> <span class='ocrx_word' id='word_1_240' title='bbox 1150 1141 1206 1173; x_wconf 88' lang='lat' dir='ltr'><strong>vel</strong></span> <span class='ocrx_word' id='word_1_241' title='bbox 1229 1151 1299 1174; x_wconf 89' lang='lat' dir='ltr'><strong>non</strong></span> <span class='ocrx_word' id='word_1_242' title='bbox 1323 1142 1541 1184; x_wconf 88' lang='lat' dir='ltr'><strong>culpabilem,</strong></span> <span class='ocrx_word' id='word_1_243' title='bbox 1558 1143 1675 1175; x_wconf 83' lang='lat' dir='ltr'><strong>facere</strong></span> <span class='ocrx_word' id='word_1_244' title='bbox 1690 1144 1777 1175; x_wconf 87' lang='lat' dir='ltr'><strong>mori</strong></span> <span class='ocrx_word' id='word_1_245' title='bbox 1793 1149 1828 1175; x_wconf 89' lang='lat' dir='ltr'><strong>et</strong></span> <span class='ocrx_word' id='word_1_246' title='bbox 1843 1144 1894 1175; x_wconf 91' lang='lat' dir='ltr'><strong>illi</strong></span> <span class='ocrx_word' id='word_1_247' title='bbox 1910 1144 2084 1182; x_wconf 86' lang='lat' dir='ltr'><strong>nolebant,</strong></span> 
     </span>
     <span class='ocr_line' id='line_1_22' title="bbox 240 1194 2086 1238; baseline 0.002 -13"><span class='ocrx_word' id='word_1_248' title='bbox 240 1194 319 1226; x_wconf 89' lang='lat' dir='ltr'><strong>ideo</strong></span> <span class='ocrx_word' id='word_1_249' title='bbox 342 1194 408 1226; x_wconf 85' lang='lat' dir='ltr'><strong>fuit</strong></span> <span class='ocrx_word' id='word_1_250' title='bbox 430 1204 573 1238; x_wconf 87' lang='lat' dir='ltr'><strong>magnus</strong></span> <span class='ocrx_word' id='word_1_251' title='bbox 596 1204 712 1226; x_wconf 88' lang='lat' dir='ltr'><strong>rumor</strong></span> <span class='ocrx_word' id='word_1_252' title='bbox 734 1195 770 1226; x_wconf 92' lang='lat' dir='ltr'><strong>in</strong></span> <span class='ocrx_word' id='word_1_253' title='bbox 794 1194 950 1226; x_wconf 87' lang='lat' dir='ltr'><strong>Bononia</strong></span> <span class='ocrx_word' id='word_1_254' title='bbox 973 1200 1007 1227; x_wconf 92' lang='lat' dir='ltr'><strong>et</strong></span> <span class='ocrx_word' id='word_1_255' title='bbox 1029 1195 1133 1227; x_wconf 88' lang='lat' dir='ltr'><strong>timor</strong></span> <span class='ocrx_word' id='word_1_256' title='bbox 1154 1204 1198 1226; x_wconf 90' lang='lat' dir='ltr'><strong>ne</strong></span> <span class='ocrx_word' id='word_1_257' title='bbox 1221 1199 1294 1227; x_wconf 90' lang='lat' dir='ltr'><strong>tota</strong></span> <span class='ocrx_word' id='word_1_258' title='bbox 1316 1195 1472 1227; x_wconf 90' lang='lat' dir='ltr'><strong>Bononia</strong></span> <span class='ocrx_word' id='word_1_259' title='bbox 1496 1201 1649 1227; x_wconf 88' lang='lat' dir='ltr'><strong>curreret</strong></span> <span class='ocrx_word' id='word_1_260' title='bbox 1680 1196 1726 1228; x_wconf 90' lang='lat' dir='ltr'><strong>ad</strong></span> <span class='ocrx_word' id='word_1_261' title='bbox 1755 1206 1860 1228; x_wconf 87' lang='lat' dir='ltr'><strong>arma.</strong></span> <span class='ocrx_word' id='word_1_262' title='bbox 1900 1197 1946 1229; x_wconf 89' lang='lat' dir='ltr'><strong>Et</strong></span> <span class='ocrx_word' id='word_1_263' title='bbox 1969 1207 2086 1230; x_wconf 87' lang='lat' dir='ltr'><strong>omnes</strong></span> 
     </span>
     <span class='ocr_line' id='line_1_23' title="bbox 241 1246 2084 1291; baseline 0.002 -12"><span class='ocrx_word' id='word_1_264' title='bbox 241 1247 283 1279; x_wconf 90' lang='lat' dir='ltr'><strong>de</strong></span> <span class='ocrx_word' id='word_1_265' title='bbox 296 1246 487 1279; x_wconf 90' lang='lat' dir='ltr'><strong>Ghisileriis</strong></span> <span class='ocrx_word' id='word_1_266' title='bbox 503 1246 806 1280; x_wconf 87' lang='lat' dir='ltr'><strong>scomboraverunt</strong></span> <span class='ocrx_word' id='word_1_267' title='bbox 821 1246 953 1279; x_wconf 89' lang='lat' dir='ltr'><strong>eorum&#39;</strong></span> <span class='ocrx_word' id='word_1_268' title='bbox 972 1248 1090 1280; x_wconf 88' lang='lat' dir='ltr'><strong>domos</strong></span> <span class='ocrx_word' id='word_1_269' title='bbox 1102 1253 1136 1280; x_wconf 91' lang='lat' dir='ltr'><strong>et</strong></span> <span class='ocrx_word' id='word_1_270' title='bbox 1148 1254 1246 1280; x_wconf 92' lang='lat' dir='ltr'><strong>erant</strong></span> <span class='ocrx_word' id='word_1_271' title='bbox 1261 1249 1374 1290; x_wconf 87' lang='lat' dir='ltr'><strong>parati</strong></span> <span class='ocrx_word' id='word_1_272' title='bbox 1391 1249 1579 1281; x_wconf 81' lang='lat' dir='ltr'><strong>defendere</strong></span> <span class='ocrx_word' id='word_1_273' title='bbox 1595 1249 1706 1291; x_wconf 84' lang='lat' dir='ltr'><strong>ipsum</strong></span> <span class='ocrx_word' id='word_1_274' title='bbox 1722 1259 1799 1281; x_wconf 92' lang='lat' dir='ltr'><strong>cum</strong></span> <span class='ocrx_word' id='word_1_275' title='bbox 1814 1250 1927 1288; x_wconf 85' lang='lat' dir='ltr'><strong>armis,</strong></span> <span class='ocrx_word' id='word_1_276' title='bbox 1943 1255 1978 1282; x_wconf 87' lang='lat' dir='ltr'><strong>et</strong></span> <span class='ocrx_word' id='word_1_277' title='bbox 1993 1250 2084 1282; x_wconf 85' lang='lat' dir='ltr'><strong>simi-</strong></span> 
     </span>
     <span class='ocr_line' id='line_1_24' title="bbox 240 1299 2150 1345; baseline 0.003 -14"><span class='ocrx_word' id='word_1_278' title='bbox 240 1299 319 1332; x_wconf 89' lang='lat' dir='ltr'><strong>liter</strong></span> <span class='ocrx_word' id='word_1_279' title='bbox 343 1300 499 1332; x_wconf 87' lang='lat' dir='ltr'><strong>dominus</strong></span> <span class='ocrx_word' id='word_1_280' title='bbox 522 1300 761 1333; x_wconf 87' lang='lat' dir='ltr'><strong>Brandelixius</strong></span> <span class='ocrx_word' id='word_1_281' title='bbox 784 1311 862 1333; x_wconf 88' lang='lat' dir='ltr'><strong>cum</strong></span> <span class='ocrx_word' id='word_1_282' title='bbox 885 1300 953 1332; x_wconf 90' lang='lat' dir='ltr'><strong>illis</strong></span> <span class='ocrx_word' id='word_1_283' title='bbox 977 1301 1020 1333; x_wconf 90' lang='lat' dir='ltr'><strong>de</strong></span> <span class='ocrx_word' id='word_1_284' title='bbox 1044 1301 1244 1345; x_wconf 74' lang='lat' dir='ltr'><strong>Gocadinis.</strong></span> <span class='ocrx_word' id='word_1_285' title='bbox 2106 1305 2150 1336; x_wconf 90' lang='lat'><strong>20</strong></span> 
     </span>
    </p>

    <p class='ocr_par' dir='ltr' id='par_1_6' title="bbox 237 1353 2146 1610">
     <span class='ocr_line' id='line_1_25' title="bbox 325 1353 2083 1400; baseline 0.002 -15"><span class='ocrx_word' id='word_1_286' title='bbox 325 1353 391 1385; x_wconf 92' lang='lat' dir='ltr'><strong>Die</strong></span> <span class='ocrx_word' id='word_1_287' title='bbox 413 1363 496 1386; x_wconf 91' lang='lat' dir='ltr'><strong>vero</strong></span> <span class='ocrx_word' id='word_1_288' title='bbox 519 1353 629 1386; x_wconf 87' lang='lat' dir='ltr'><strong>sabati</strong></span> <span class='ocrx_word' id='word_1_289' title='bbox 651 1354 808 1396; x_wconf 87' lang='lat' dir='ltr'><strong>proxime</strong></span> <span class='ocrx_word' id='word_1_290' title='bbox 831 1354 996 1397; x_wconf 86' lang='lat' dir='ltr'><strong>sequenti.</strong></span> <span class='ocrx_word' id='word_1_291' title='bbox 1021 1373 1062 1377; x_wconf 73' lang='lat'><strong>-—</strong></span> <span class='ocrx_word' id='word_1_292' title='bbox 1085 1354 1239 1387; x_wconf 89' lang='lat' dir='ltr'><strong>Fuerunt</strong></span> <span class='ocrx_word' id='word_1_293' title='bbox 1261 1364 1316 1396; x_wconf 88' lang='lat' dir='ltr'><strong>v1J</strong></span> <span class='ocrx_word' id='word_1_294' title='bbox 1345 1355 1549 1397; x_wconf 86' lang='lat' dir='ltr'><strong>proclamati</strong></span> <span class='ocrx_word' id='word_1_295' title='bbox 1572 1360 1607 1387; x_wconf 94' lang='lat' dir='ltr'><strong>et</strong></span> <span class='ocrx_word' id='word_1_296' title='bbox 1630 1356 1756 1388; x_wconf 83' lang='lat' dir='ltr'><strong>cridati</strong></span> <span class='ocrx_word' id='word_1_297' title='bbox 1778 1356 1824 1388; x_wconf 91' lang='lat' dir='ltr'><strong>ad</strong></span> <span class='ocrx_word' id='word_1_298' title='bbox 1846 1356 2083 1400; x_wconf 88' lang='lat' dir='ltr'><strong>arengheriam</strong></span> 
     </span>
     <span class='ocr_line' id='line_1_26' title="bbox 239 1406 2085 1453; baseline 0.003 -16"><span class='ocrx_word' id='word_1_299' title='bbox 239 1407 394 1438; x_wconf 89' lang='lat' dir='ltr'><strong>comunis</strong></span> <span class='ocrx_word' id='word_1_300' title='bbox 415 1406 601 1445; x_wconf 89' lang='lat' dir='ltr'><strong>Bononiae,</strong></span> <span class='ocrx_word' id='word_1_301' title='bbox 618 1406 779 1439; x_wconf 86' lang='lat' dir='ltr'><strong>videlicet</strong></span> <span class='ocrx_word' id='word_1_302' title='bbox 795 1412 942 1450; x_wconf 89' lang='lat' dir='ltr'><strong>quatuor</strong></span> <span class='ocrx_word' id='word_1_303' title='bbox 965 1407 1008 1439; x_wconf 89' lang='lat' dir='ltr'><strong>de</strong></span> <span class='ocrx_word' id='word_1_304' title='bbox 1032 1407 1234 1446; x_wconf 74' lang='lat' dir='ltr'><strong>Ghisileffis,</strong></span> <span class='ocrx_word' id='word_1_305' title='bbox 1250 1408 1404 1440; x_wconf 90' lang='lat' dir='ltr'><strong>Boninus</strong></span> <span class='ocrx_word' id='word_1_306' title='bbox 1420 1408 1553 1441; x_wconf 90' lang='lat' dir='ltr'><strong>Gottoli</strong></span> <span class='ocrx_word' id='word_1_307' title='bbox 1570 1409 1613 1441; x_wconf 91' lang='lat' dir='ltr'><strong>de</strong></span> <span class='ocrx_word' id='word_1_308' title='bbox 1637 1408 1813 1447; x_wconf 89' lang='lat' dir='ltr'><strong>Sardellis‚</strong></span> <span class='ocrx_word' id='word_1_309' title='bbox 1835 1409 2085 1453; x_wconf 78' lang='lat' dir='ltr'><strong>Maghinardus</strong></span> 
     </span>
     <span class='ocr_line' id='line_1_27' title="bbox 239 1458 2084 1504; baseline 0.002 -14"><span class='ocrx_word' id='word_1_310' title='bbox 239 1458 282 1490; x_wconf 90' lang='lat' dir='ltr'><strong>de</strong></span> <span class='ocrx_word' id='word_1_311' title='bbox 298 1458 509 1492; x_wconf 84' lang='lat' dir='ltr'><strong>Primaditiis</strong></span> <span class='ocrx_word' id='word_1_312' title='bbox 524 1465 558 1492; x_wconf 89' lang='lat' dir='ltr'><strong>et</strong></span> <span class='ocrx_word' id='word_1_313' title='bbox 574 1460 832 1493; x_wconf 85' lang='lat' dir='ltr'><strong>Chalanchinus</strong></span> <span class='ocrx_word' id='word_1_314' title='bbox 845 1461 887 1492; x_wconf 92' lang='lat' dir='ltr'><strong>de</strong></span> <span class='ocrx_word' id='word_1_315' title='bbox 901 1459 1120 1498; x_wconf 88' lang='lat' dir='ltr'><strong>Chalanchis‚</strong></span> <span class='ocrx_word' id='word_1_316' title='bbox 1137 1466 1175 1492; x_wconf 90' lang='lat' dir='ltr'><strong>ut</strong></span> <span class='ocrx_word' id='word_1_317' title='bbox 1190 1471 1253 1503; x_wconf 92' lang='lat' dir='ltr'><strong>per</strong></span> <span class='ocrx_word' id='word_1_318' title='bbox 1267 1466 1374 1493; x_wconf 88' lang='lat' dir='ltr'><strong>totam</strong></span> <span class='ocrx_word' id='word_1_319' title='bbox 1390 1461 1484 1493; x_wconf 90' lang='lat' dir='ltr'><strong>illam</strong></span> <span class='ocrx_word' id='word_1_320' title='bbox 1501 1462 1590 1494; x_wconf 90' lang='lat' dir='ltr'><strong>diem</strong></span> <span class='ocrx_word' id='word_1_321' title='bbox 1607 1467 1856 1504; x_wconf 89' lang='lat' dir='ltr'><strong>comparerent,</strong></span> <span class='ocrx_word' id='word_1_322' title='bbox 1872 1462 1958 1494; x_wconf 85' lang='lat' dir='ltr'><strong>alias</strong></span> <span class='ocrx_word' id='word_1_323' title='bbox 1972 1468 2084 1495; x_wconf 79' lang='lat' dir='ltr'><strong>essent</strong></span> 
     </span>
     <span class='ocr_line' id='line_1_28' title="bbox 238 1511 2084 1558; baseline 0.003 -15"><span class='ocrx_word' id='word_1_324' title='bbox 238 1511 372 1544; x_wconf 87' lang='lat' dir='ltr'><strong>banniti</strong></span> <span class='ocrx_word' id='word_1_325' title='bbox 386 1512 423 1544; x_wconf 91' lang='lat' dir='ltr'><strong>in</strong></span> <span class='ocrx_word' id='word_1_326' title='bbox 439 1522 540 1544; x_wconf 90' lang='lat' dir='ltr'><strong>avere</strong></span> <span class='ocrx_word' id='word_1_327' title='bbox 555 1518 590 1545; x_wconf 93' lang='lat' dir='ltr'><strong>et</strong></span> <span class='ocrx_word' id='word_1_328' title='bbox 605 1513 641 1544; x_wconf 90' lang='lat' dir='ltr'><strong>in</strong></span> <span class='ocrx_word' id='word_1_329' title='bbox 656 1523 816 1555; x_wconf 84' lang='lat' dir='ltr'><strong>persona:</strong></span> <span class='ocrx_word' id='word_1_330' title='bbox 841 1523 985 1556; x_wconf 91' lang='lat' dir='ltr'><strong>quorum</strong></span> <span class='ocrx_word' id='word_1_331' title='bbox 1002 1513 1109 1556; x_wconf 88' lang='lat' dir='ltr'><strong>aliqui</strong></span> <span class='ocrx_word' id='word_1_332' title='bbox 1133 1514 1368 1546; x_wconf 81' lang='lat' dir='ltr'><strong>defendebant</strong></span> <span class='ocrx_word' id='word_1_333' title='bbox 1383 1525 1419 1546; x_wconf 89' lang='lat' dir='ltr'><strong>se</strong></span> <span class='ocrx_word' id='word_1_334' title='bbox 1435 1519 1473 1546; x_wconf 92' lang='lat' dir='ltr'><strong>ut</strong></span> <span class='ocrx_word' id='word_1_335' title='bbox 1489 1515 1634 1547; x_wconf 88' lang='lat' dir='ltr'><strong>clericos</strong></span> <span class='ocrx_word' id='word_1_336' title='bbox 1649 1520 1683 1547; x_wconf 90' lang='lat' dir='ltr'><strong>et</strong></span> <span class='ocrx_word' id='word_1_337' title='bbox 1699 1515 1807 1558; x_wconf 83' lang='lat' dir='ltr'><strong>aliqui</strong></span> <span class='ocrx_word' id='word_1_338' title='bbox 1829 1515 1969 1547; x_wconf 80' lang='lat' dir='ltr'><strong>fuerunt</strong></span> <span class='ocrx_word' id='word_1_339' title='bbox 1986 1515 2084 1548; x_wconf 87' lang='lat' dir='ltr'><strong>ducti</strong></span> 
     </span>
     <span class='ocr_line' id='line_1_29' title="bbox 237 1564 2146 1610; baseline 0.002 -14"><span class='ocrx_word' id='word_1_340' title='bbox 237 1565 283 1596; x_wconf 89' lang='lat' dir='ltr'><strong>ad</strong></span> <span class='ocrx_word' id='word_1_341' title='bbox 303 1564 357 1607; x_wconf 86' lang='lat' dir='ltr'><strong>jus</strong></span> <span class='ocrx_word' id='word_1_342' title='bbox 380 1576 442 1607; x_wconf 90' lang='lat' dir='ltr'><strong>per</strong></span> <span class='ocrx_word' id='word_1_343' title='bbox 465 1566 640 1598; x_wconf 89' lang='lat' dir='ltr'><strong>dominum</strong></span> <span class='ocrx_word' id='word_1_344' title='bbox 662 1565 920 1598; x_wconf 88' lang='lat' dir='ltr'><strong>Brandelixium</strong></span> <span class='ocrx_word' id='word_1_345' title='bbox 943 1571 978 1598; x_wconf 90' lang='lat' dir='ltr'><strong>et</strong></span> <span class='ocrx_word' id='word_1_346' title='bbox 1000 1577 1063 1608; x_wconf 90' lang='lat' dir='ltr'><strong>per</strong></span> <span class='ocrx_word' id='word_1_347' title='bbox 1086 1567 1251 1609; x_wconf 88' lang='lat' dir='ltr'><strong>quosdam</strong></span> <span class='ocrx_word' id='word_1_348' title='bbox 1274 1567 1377 1599; x_wconf 88' lang='lat' dir='ltr'><strong>alios:</strong></span> <span class='ocrx_word' id='word_1_349' title='bbox 1401 1567 1518 1610; x_wconf 91' lang='lat' dir='ltr'><strong>itaque</strong></span> <span class='ocrx_word' id='word_1_350' title='bbox 1540 1566 1677 1600; x_wconf 90' lang='lat' dir='ltr'><strong>liberati</strong></span> <span class='ocrx_word' id='word_1_351' title='bbox 1700 1568 1849 1600; x_wconf 87' lang='lat' dir='ltr'><strong>fuerunt.</strong></span> <span class='ocrx_word' id='word_1_352' title='bbox 2105 1566 2146 1600; x_wconf 88' lang='lat'><strong>25</strong></span> 
     </span>
    </p>

    <p class='ocr_par' dir='ltr' id='par_1_7' title="bbox 230 1618 2146 2243">
     <span class='ocr_line' id='line_1_30' title="bbox 324 1618 2083 1662; baseline 0.002 -12"><span class='ocrx_word' id='word_1_353' title='bbox 324 1618 389 1650; x_wconf 94' lang='lat' dir='ltr'><strong>Die</strong></span> <span class='ocrx_word' id='word_1_354' title='bbox 412 1628 494 1651; x_wconf 91' lang='lat' dir='ltr'><strong>vero</strong></span> <span class='ocrx_word' id='word_1_355' title='bbox 518 1619 691 1651; x_wconf 85' lang='lat' dir='ltr'><strong>dominica</strong></span> <span class='ocrx_word' id='word_1_356' title='bbox 713 1619 879 1662; x_wconf 88' lang='lat' dir='ltr'><strong>sequenti,</strong></span> <span class='ocrx_word' id='word_1_357' title='bbox 903 1625 980 1662; x_wconf 87' lang='lat' dir='ltr'><strong>post</strong></span> <span class='ocrx_word' id='word_1_358' title='bbox 1003 1620 1196 1661; x_wconf 87' lang='lat' dir='ltr'><strong>prandium.</strong></span> <span class='ocrx_word' id='word_1_359' title='bbox 1221 1638 1262 1642; x_wconf 90' lang='lat'><strong>—</strong></span> <span class='ocrx_word' id='word_1_360' title='bbox 1285 1620 1452 1652; x_wconf 87' lang='lat' dir='ltr'><strong>Dominus</strong></span> <span class='ocrx_word' id='word_1_361' title='bbox 1474 1620 1717 1653; x_wconf 85' lang='lat' dir='ltr'><strong>Brandelixius</strong></span> <span class='ocrx_word' id='word_1_362' title='bbox 1741 1622 1784 1654; x_wconf 93' lang='lat' dir='ltr'><strong>de</strong></span> <span class='ocrx_word' id='word_1_363' title='bbox 1808 1621 1995 1654; x_wconf 84' lang='lat' dir='ltr'><strong>Gozadinis</strong></span> <span class='ocrx_word' id='word_1_364' title='bbox 2009 1621 2083 1654; x_wconf 85' lang='lat' dir='ltr'><strong>ibat</strong></span> 
     </span>
     <span class='ocr_line' id='line_1_31' title="bbox 236 1671 2083 1717; baseline 0.002 -14"><span class='ocrx_word' id='word_1_365' title='bbox 236 1671 423 1713; x_wconf 87' lang='lat' dir='ltr'><strong>equitando</strong></span> <span class='ocrx_word' id='word_1_366' title='bbox 439 1671 485 1703; x_wconf 89' lang='lat' dir='ltr'><strong>ad</strong></span> <span class='ocrx_word' id='word_1_367' title='bbox 500 1671 656 1704; x_wconf 85' lang='lat' dir='ltr'><strong>solatium</strong></span> <span class='ocrx_word' id='word_1_368' title='bbox 679 1682 743 1714; x_wconf 91' lang='lat' dir='ltr'><strong>per</strong></span> <span class='ocrx_word' id='word_1_369' title='bbox 765 1677 957 1704; x_wconf 88' lang='lat' dir='ltr'><strong>contratam</strong></span> <span class='ocrx_word' id='word_1_370' title='bbox 974 1672 1175 1716; x_wconf 87' lang='lat' dir='ltr'><strong>Saragotiae</strong></span> <span class='ocrx_word' id='word_1_371' title='bbox 1191 1677 1225 1704; x_wconf 87' lang='lat' dir='ltr'><strong>et</strong></span> <span class='ocrx_word' id='word_1_372' title='bbox 1240 1673 1392 1715; x_wconf 89' lang='lat' dir='ltr'><strong>incoepit</strong></span> <span class='ocrx_word' id='word_1_373' title='bbox 1408 1683 1547 1705; x_wconf 88' lang='lat' dir='ltr'><strong>currere</strong></span> <span class='ocrx_word' id='word_1_374' title='bbox 1570 1684 1695 1716; x_wconf 90' lang='lat' dir='ltr'><strong>equum</strong></span> <span class='ocrx_word' id='word_1_375' title='bbox 1709 1683 1778 1706; x_wconf 88' lang='lat' dir='ltr'><strong>una</strong></span> <span class='ocrx_word' id='word_1_376' title='bbox 1794 1684 1872 1706; x_wconf 90' lang='lat' dir='ltr'><strong>cum</strong></span> <span class='ocrx_word' id='word_1_377' title='bbox 1896 1675 2000 1713; x_wconf 87' lang='lat' dir='ltr'><strong>sotiis,</strong></span> <span class='ocrx_word' id='word_1_378' title='bbox 2023 1675 2083 1717; x_wconf 88' lang='lat' dir='ltr'><strong>qui</strong></span> 
     </span>
     <span class='ocr_line' id='line_1_32' title="bbox 234 1724 2082 1770; baseline 0.002 -14"><span class='ocrx_word' id='word_1_379' title='bbox 234 1734 349 1756; x_wconf 90' lang='lat' dir='ltr'><strong>secum</strong></span> <span class='ocrx_word' id='word_1_380' title='bbox 372 1729 481 1763; x_wconf 88' lang='lat' dir='ltr'><strong>erant,</strong></span> <span class='ocrx_word' id='word_1_381' title='bbox 504 1725 540 1756; x_wconf 91' lang='lat' dir='ltr'><strong>in</strong></span> <span class='ocrx_word' id='word_1_382' title='bbox 564 1724 687 1768; x_wconf 90' lang='lat' dir='ltr'><strong>quibus</strong></span> <span class='ocrx_word' id='word_1_383' title='bbox 709 1725 812 1757; x_wconf 84' lang='lat' dir='ltr'><strong>etiam</strong></span> <span class='ocrx_word' id='word_1_384' title='bbox 835 1731 909 1757; x_wconf 90' lang='lat' dir='ltr'><strong>erat</strong></span> <span class='ocrx_word' id='word_1_385' title='bbox 931 1725 1092 1768; x_wconf 86' lang='lat' dir='ltr'><strong>Jacobus,</strong></span> <span class='ocrx_word' id='word_1_386' title='bbox 1123 1726 1213 1758; x_wconf 88' lang='lat' dir='ltr'><strong>filius</strong></span> <span class='ocrx_word' id='word_1_387' title='bbox 1237 1726 1366 1758; x_wconf 91' lang='lat' dir='ltr'><strong>domini</strong></span> <span class='ocrx_word' id='word_1_388' title='bbox 1389 1726 1523 1758; x_wconf 88' lang='lat' dir='ltr'><strong>Tadaei</strong></span> <span class='ocrx_word' id='word_1_389' title='bbox 1551 1727 1594 1758; x_wconf 92' lang='lat' dir='ltr'><strong>de</strong></span> <span class='ocrx_word' id='word_1_390' title='bbox 1624 1726 1773 1768; x_wconf 89' lang='lat' dir='ltr'><strong>Pepolis,</strong></span> <span class='ocrx_word' id='word_1_391' title='bbox 1797 1728 1856 1770; x_wconf 89' lang='lat' dir='ltr'><strong>qui</strong></span> <span class='ocrx_word' id='word_1_392' title='bbox 1887 1727 1990 1760; x_wconf 90' lang='lat' dir='ltr'><strong>etiam</strong></span> <span class='ocrx_word' id='word_1_393' title='bbox 2021 1737 2082 1759; x_wconf 89' lang='lat' dir='ltr'><strong>cu-</strong></span> 
     </span>
     <span class='ocr_line' id='line_1_33' title="bbox 235 1777 2080 1822; baseline 0.002 -14"><span class='ocrx_word' id='word_1_394' title='bbox 235 1777 343 1809; x_wconf 85' lang='lat' dir='ltr'><strong>currit</strong></span> <span class='ocrx_word' id='word_1_395' title='bbox 366 1787 444 1809; x_wconf 90' lang='lat' dir='ltr'><strong>cum</strong></span> <span class='ocrx_word' id='word_1_396' title='bbox 468 1788 557 1821; x_wconf 92' lang='lat' dir='ltr'><strong>equo</strong></span> <span class='ocrx_word' id='word_1_397' title='bbox 581 1788 658 1816; x_wconf 84' lang='lat' dir='ltr'><strong>su03</strong></span> <span class='ocrx_word' id='word_1_398' title='bbox 681 1782 716 1810; x_wconf 89' lang='lat' dir='ltr'><strong>et</strong></span> <span class='ocrx_word' id='word_1_399' title='bbox 740 1778 821 1810; x_wconf 92' lang='lat' dir='ltr'><strong>dum</strong></span> <span class='ocrx_word' id='word_1_400' title='bbox 845 1779 1002 1811; x_wconf 91' lang='lat' dir='ltr'><strong>dominus</strong></span> <span class='ocrx_word' id='word_1_401' title='bbox 1024 1778 1265 1811; x_wconf 90' lang='lat' dir='ltr'><strong>Brandelixius</strong></span> <span class='ocrx_word' id='word_1_402' title='bbox 1281 1778 1384 1811; x_wconf 91' lang='lat' dir='ltr'><strong>vellet</strong></span> <span class='ocrx_word' id='word_1_403' title='bbox 1399 1779 1537 1811; x_wconf 89' lang='lat' dir='ltr'><strong>volvere</strong></span> <span class='ocrx_word' id='word_1_404' title='bbox 1552 1790 1688 1822; x_wconf 86' lang='lat' dir='ltr'><strong>equum,</strong></span> <span class='ocrx_word' id='word_1_405' title='bbox 1701 1780 1850 1822; x_wconf 88' lang='lat' dir='ltr'><strong>Jacobus</strong></span> <span class='ocrx_word' id='word_1_406' title='bbox 1874 1780 1918 1812; x_wconf 89' lang='lat' dir='ltr'><strong>de</strong></span> <span class='ocrx_word' id='word_1_407' title='bbox 1932 1780 2080 1822; x_wconf 78' lang='lat' dir='ltr'><strong>Pepofis,</strong></span> 
     </span>
     <span class='ocr_line' id='line_1_34' title="bbox 235 1829 2146 1875; baseline 0.002 -14"><span class='ocrx_word' id='word_1_408' title='bbox 235 1830 294 1872; x_wconf 92' lang='lat' dir='ltr'><strong>qui</strong></span> <span class='ocrx_word' id='word_1_409' title='bbox 316 1829 486 1869; x_wconf 86' lang='lat' dir='ltr'><strong>currebat,</strong></span> <span class='ocrx_word' id='word_1_410' title='bbox 517 1831 701 1863; x_wconf 86' lang='lat' dir='ltr'><strong>casualiter</strong></span> <span class='ocrx_word' id='word_1_411' title='bbox 729 1831 824 1863; x_wconf 90' lang='lat' dir='ltr'><strong>venit</strong></span> <span class='ocrx_word' id='word_1_412' title='bbox 854 1831 994 1864; x_wconf 87' lang='lat' dir='ltr'><strong>obviare</strong></span> <span class='ocrx_word' id='word_1_413' title='bbox 1024 1842 1113 1874; x_wconf 91' lang='lat' dir='ltr'><strong>equo</strong></span> <span class='ocrx_word' id='word_1_414' title='bbox 1145 1832 1275 1864; x_wconf 88' lang='lat' dir='ltr'><strong>domini</strong></span> <span class='ocrx_word' id='word_1_415' title='bbox 1305 1832 1517 1864; x_wconf 81' lang='lat' dir='ltr'><strong>Brandelixii</strong></span> <span class='ocrx_word' id='word_1_416' title='bbox 1524 1844 1533 1870; x_wconf 82' lang='lat'><em>3</em></span> <span class='ocrx_word' id='word_1_417' title='bbox 1557 1838 1592 1864; x_wconf 89' lang='lat' dir='ltr'><strong>et</strong></span> <span class='ocrx_word' id='word_1_418' title='bbox 1617 1837 1819 1865; x_wconf 88' lang='lat' dir='ltr'><strong>urtaverunt</strong></span> <span class='ocrx_word' id='word_1_419' title='bbox 1849 1843 1912 1875; x_wconf 91' lang='lat' dir='ltr'><strong>per</strong></span> <span class='ocrx_word' id='word_1_420' title='bbox 1941 1833 2080 1866; x_wconf 89' lang='lat' dir='ltr'><strong>modum</strong></span> <span class='ocrx_word' id='word_1_421' title='bbox 2103 1834 2146 1865; x_wconf 90' lang='grc'><strong>30</strong></span> 
     </span>
     <span class='ocr_line' id='line_1_35' title="bbox 233 1883 2081 1928; baseline 0.002 -13"><span class='ocrx_word' id='word_1_422' title='bbox 233 1883 345 1921; x_wconf 88' lang='lat' dir='ltr'><strong>talem,</strong></span> <span class='ocrx_word' id='word_1_423' title='bbox 363 1884 457 1926; x_wconf 89' lang='lat' dir='ltr'><strong>quod</strong></span> <span class='ocrx_word' id='word_1_424' title='bbox 472 1883 573 1916; x_wconf 89' lang='lat' dir='ltr'><strong>ambo</strong></span> <span class='ocrx_word' id='word_1_425' title='bbox 588 1884 665 1926; x_wconf 90' lang='lat' dir='ltr'><strong>ipsi,</strong></span> <span class='ocrx_word' id='word_1_426' title='bbox 681 1884 813 1916; x_wconf 90' lang='lat' dir='ltr'><strong>scilicet</strong></span> <span class='ocrx_word' id='word_1_427' title='bbox 830 1884 987 1924; x_wconf 85' lang='lat' dir='ltr'><strong>dominus</strong></span> <span class='ocrx_word' id='word_1_428' title='bbox 1002 1884 1243 1917; x_wconf 89' lang='lat' dir='ltr'><strong>Brandelixius</strong></span> <span class='ocrx_word' id='word_1_429' title='bbox 1255 1890 1290 1917; x_wconf 90' lang='lat' dir='ltr'><strong>et</strong></span> <span class='ocrx_word' id='word_1_430' title='bbox 1302 1885 1461 1928; x_wconf 88' lang='lat' dir='ltr'><strong>Jacobus,</strong></span> <span class='ocrx_word' id='word_1_431' title='bbox 1474 1886 1675 1918; x_wconf 89' lang='lat' dir='ltr'><strong>ceciderunt</strong></span> <span class='ocrx_word' id='word_1_432' title='bbox 1686 1886 1722 1917; x_wconf 87' lang='lat' dir='ltr'><strong>in</strong></span> <span class='ocrx_word' id='word_1_433' title='bbox 1738 1891 1863 1918; x_wconf 89' lang='lat' dir='ltr'><strong>terram</strong></span> <span class='ocrx_word' id='word_1_434' title='bbox 1877 1891 1911 1918; x_wconf 93' lang='lat' dir='ltr'><strong>et</strong></span> <span class='ocrx_word' id='word_1_435' title='bbox 1924 1886 2081 1918; x_wconf 90' lang='lat' dir='ltr'><strong>dominus</strong></span> 
     </span>
     <span class='ocr_line' id='line_1_36' title="bbox 233 1936 2081 1981; baseline 0.002 -13"><span class='ocrx_word' id='word_1_436' title='bbox 233 1936 473 1969; x_wconf 88' lang='lat' dir='ltr'><strong>Brandelixius</strong></span> <span class='ocrx_word' id='word_1_437' title='bbox 488 1942 562 1969; x_wconf 90' lang='lat' dir='ltr'><strong>erat</strong></span> <span class='ocrx_word' id='word_1_438' title='bbox 577 1937 743 1979; x_wconf 88' lang='lat' dir='ltr'><strong>suppinus</strong></span> <span class='ocrx_word' id='word_1_439' title='bbox 758 1938 794 1968; x_wconf 89' lang='lat' dir='ltr'><strong>in</strong></span> <span class='ocrx_word' id='word_1_440' title='bbox 809 1942 936 1969; x_wconf 88' lang='lat' dir='ltr'><strong>terram</strong></span> <span class='ocrx_word' id='word_1_441' title='bbox 952 1942 987 1970; x_wconf 92' lang='lat' dir='ltr'><strong>et</strong></span> <span class='ocrx_word' id='word_1_442' title='bbox 1002 1938 1100 1970; x_wconf 91' lang='lat' dir='ltr'><strong>multi</strong></span> <span class='ocrx_word' id='word_1_443' title='bbox 1119 1938 1308 1971; x_wconf 89' lang='lat' dir='ltr'><strong>credebant</strong></span> <span class='ocrx_word' id='word_1_444' title='bbox 1324 1939 1417 1981; x_wconf 92' lang='lat' dir='ltr'><strong>quod</strong></span> <span class='ocrx_word' id='word_1_445' title='bbox 1433 1944 1521 1971; x_wconf 86' lang='lat' dir='ltr'><strong>esset</strong></span> <span class='ocrx_word' id='word_1_446' title='bbox 1536 1943 1704 1977; x_wconf 78' lang='lat' dir='ltr'><strong>mortuus3</strong></span> <span class='ocrx_word' id='word_1_447' title='bbox 1728 1945 1762 1970; x_wconf 89' lang='lat' dir='ltr'><strong>et</strong></span> <span class='ocrx_word' id='word_1_448' title='bbox 1785 1944 1940 1981; x_wconf 86' lang='lat' dir='ltr'><strong>portatus</strong></span> <span class='ocrx_word' id='word_1_449' title='bbox 1962 1939 2028 1971; x_wconf 77' lang='lat' dir='ltr'><strong>fuit</strong></span> <span class='ocrx_word' id='word_1_450' title='bbox 2043 1939 2081 1971; x_wconf 85' lang='lat' dir='ltr'><strong>in</strong></span> 
     </span>
     <span class='ocr_line' id='line_1_37' title="bbox 234 1989 2081 2034; baseline 0.002 -13"><span class='ocrx_word' id='word_1_451' title='bbox 234 1989 336 2021; x_wconf 92' lang='lat' dir='ltr'><strong>domo</strong></span> <span class='ocrx_word' id='word_1_452' title='bbox 359 1989 589 2022; x_wconf 89' lang='lat' dir='ltr'><strong>Bartolomaei</strong></span> <span class='ocrx_word' id='word_1_453' title='bbox 611 1989 842 2022; x_wconf 88' lang='lat' dir='ltr'><strong>Marescalchi</strong></span> <span class='ocrx_word' id='word_1_454' title='bbox 864 1996 899 2023; x_wconf 92' lang='lat' dir='ltr'><strong>et</strong></span> <span class='ocrx_word' id='word_1_455' title='bbox 922 1990 970 2023; x_wconf 91' lang='lat' dir='ltr'><strong>ibi</strong></span> <span class='ocrx_word' id='word_1_456' title='bbox 1001 1991 1087 2023; x_wconf 90' lang='lat' dir='ltr'><strong>fecit</strong></span> <span class='ocrx_word' id='word_1_457' title='bbox 1117 2002 1152 2023; x_wconf 86' lang='lat' dir='ltr'><strong>se</strong></span> <span class='ocrx_word' id='word_1_458' title='bbox 1176 1991 1288 2024; x_wconf 89' lang='lat' dir='ltr'><strong>subito</strong></span> <span class='ocrx_word' id='word_1_459' title='bbox 1312 1991 1485 2029; x_wconf 87' lang='lat' dir='ltr'><strong>salassari;</strong></span> <span class='ocrx_word' id='word_1_460' title='bbox 1509 1997 1544 2023; x_wconf 87' lang='lat' dir='ltr'><strong>et</strong></span> <span class='ocrx_word' id='word_1_461' title='bbox 1568 1992 1681 2024; x_wconf 89' lang='lat' dir='ltr'><strong>dictus</strong></span> <span class='ocrx_word' id='word_1_462' title='bbox 1704 1992 1853 2034; x_wconf 88' lang='lat' dir='ltr'><strong>Jacobus</strong></span> <span class='ocrx_word' id='word_1_463' title='bbox 1877 1992 1920 2024; x_wconf 90' lang='lat' dir='ltr'><strong>de</strong></span> <span class='ocrx_word' id='word_1_464' title='bbox 1942 1991 2081 2034; x_wconf 86' lang='lat' dir='ltr'><strong>Pepolis</strong></span> 
     </span>
     <span class='ocr_line' id='line_1_38' title="bbox 232 2042 2079 2088; baseline 0.002 -14"><span class='ocrx_word' id='word_1_465' title='bbox 232 2042 353 2075; x_wconf 83' lang='lat' dir='ltr'><strong>habuit</strong></span> <span class='ocrx_word' id='word_1_466' title='bbox 375 2043 549 2075; x_wconf 89' lang='lat' dir='ltr'><strong>modicum</strong></span> <span class='ocrx_word' id='word_1_467' title='bbox 571 2042 697 2075; x_wconf 90' lang='lat' dir='ltr'><strong>malum</strong></span> <span class='ocrx_word' id='word_1_468' title='bbox 721 2048 756 2075; x_wconf 92' lang='lat' dir='ltr'><strong>et</strong></span> <span class='ocrx_word' id='word_1_469' title='bbox 778 2043 842 2075; x_wconf 87' lang='lat' dir='ltr'><strong>ivit</strong></span> <span class='ocrx_word' id='word_1_470' title='bbox 863 2043 901 2075; x_wconf 88' lang='lat' dir='ltr'><strong>in</strong></span> <span class='ocrx_word' id='word_1_471' title='bbox 936 2044 1074 2076; x_wconf 91' lang='lat' dir='ltr'><strong>domum</strong></span> <span class='ocrx_word' id='word_1_472' title='bbox 1102 2044 1242 2076; x_wconf 89' lang='lat' dir='ltr'><strong>Tunioli</strong></span> <span class='ocrx_word' id='word_1_473' title='bbox 1274 2045 1317 2077; x_wconf 91' lang='lat' dir='ltr'><strong>de</strong></span> <span class='ocrx_word' id='word_1_474' title='bbox 1351 2043 1549 2088; x_wconf 86' lang='lat' dir='ltr'><strong>Albergatis</strong></span> <span class='ocrx_word' id='word_1_475' title='bbox 1577 2050 1611 2077; x_wconf 90' lang='lat' dir='ltr'><strong>et</strong></span> <span class='ocrx_word' id='word_1_476' title='bbox 1639 2045 1732 2077; x_wconf 90' lang='lat' dir='ltr'><strong>stetit</strong></span> <span class='ocrx_word' id='word_1_477' title='bbox 1762 2044 1811 2077; x_wconf 89' lang='lat' dir='ltr'><strong>ibi</strong></span> <span class='ocrx_word' id='word_1_478' title='bbox 1841 2045 2014 2077; x_wconf 86' lang='lat' dir='ltr'><strong>modicum</strong></span> <span class='ocrx_word' id='word_1_479' title='bbox 2044 2050 2079 2077; x_wconf 91' lang='lat' dir='ltr'><strong>et</strong></span> 
     </span>
     <span class='ocr_line' id='line_1_39' title="bbox 232 2096 2144 2141; baseline 0.002 -14"><span class='ocrx_word' id='word_1_480' title='bbox 232 2096 372 2128; x_wconf 87' lang='lat' dir='ltr'><strong>recessit</strong></span> <span class='ocrx_word' id='word_1_481' title='bbox 401 2096 438 2128; x_wconf 90' lang='lat' dir='ltr'><strong>in</strong></span> <span class='ocrx_word' id='word_1_482' title='bbox 468 2096 619 2138; x_wconf 86' lang='lat' dir='ltr'><strong>vesperis</strong></span> <span class='ocrx_word' id='word_1_483' title='bbox 649 2096 841 2128; x_wconf 86' lang='lat' dir='ltr'><strong>scolarium.</strong></span> <span class='ocrx_word' id='word_1_484' title='bbox 887 2097 934 2129; x_wconf 91' lang='lat' dir='ltr'><strong>Et</strong></span> <span class='ocrx_word' id='word_1_485' title='bbox 964 2102 1107 2139; x_wconf 89' lang='lat' dir='ltr'><strong>propter</strong></span> <span class='ocrx_word' id='word_1_486' title='bbox 1136 2097 1203 2129; x_wconf 90' lang='lat' dir='ltr'><strong>hoc</strong></span> <span class='ocrx_word' id='word_1_487' title='bbox 1234 2107 1324 2130; x_wconf 88' lang='lat' dir='ltr'><strong>nova</strong></span> <span class='ocrx_word' id='word_1_488' title='bbox 1358 2098 1494 2130; x_wconf 87' lang='lat' dir='ltr'><strong>iverunt</strong></span> <span class='ocrx_word' id='word_1_489' title='bbox 1528 2108 1590 2140; x_wconf 90' lang='lat' dir='ltr'><strong>per</strong></span> <span class='ocrx_word' id='word_1_490' title='bbox 1623 2097 1815 2130; x_wconf 89' lang='lat' dir='ltr'><strong>Bononiam</strong></span> <span class='ocrx_word' id='word_1_491' title='bbox 1839 2098 1932 2141; x_wconf 91' lang='lat' dir='ltr'><strong>quod</strong></span> <span class='ocrx_word' id='word_1_492' title='bbox 1954 2098 2020 2140; x_wconf 83' lang='lat' dir='ltr'><strong>ipsi</strong></span> <span class='ocrx_word' id='word_1_493' title='bbox 2042 2108 2079 2130; x_wconf 90' lang='lat' dir='ltr'><strong>se</strong></span> <span class='ocrx_word' id='word_1_494' title='bbox 2101 2097 2144 2130; x_wconf 86' lang='grc'><strong>35</strong></span> 
     </span>
     <span class='ocr_line' id='line_1_40' title="bbox 230 2149 2078 2194; baseline 0.002 -14"><span class='ocrx_word' id='word_1_495' title='bbox 230 2154 430 2181; x_wconf 86' lang='lat' dir='ltr'><strong>urtaverant</strong></span> <span class='ocrx_word' id='word_1_496' title='bbox 459 2149 505 2181; x_wconf 87' lang='lat' dir='ltr'><strong>ad</strong></span> <span class='ocrx_word' id='word_1_497' title='bbox 533 2149 692 2181; x_wconf 89' lang='lat' dir='ltr'><strong>invicem.</strong></span> <span class='ocrx_word' id='word_1_498' title='bbox 738 2149 858 2192; x_wconf 87' lang='lat' dir='ltr'><strong>Itaque</strong></span> <span class='ocrx_word' id='word_1_499' title='bbox 889 2150 987 2192; x_wconf 90' lang='lat' dir='ltr'><strong>quasi</strong></span> <span class='ocrx_word' id='word_1_500' title='bbox 1018 2160 1135 2182; x_wconf 90' lang='lat' dir='ltr'><strong>omnes</strong></span> <span class='ocrx_word' id='word_1_501' title='bbox 1166 2160 1202 2182; x_wconf 87' lang='lat' dir='ltr'><strong>se</strong></span> <span class='ocrx_word' id='word_1_502' title='bbox 1232 2156 1466 2189; x_wconf 85' lang='lat' dir='ltr'><strong>armaverunt;</strong></span> <span class='ocrx_word' id='word_1_503' title='bbox 1490 2151 1553 2183; x_wconf 88' lang='lat' dir='ltr'><strong>sed</strong></span> <span class='ocrx_word' id='word_1_504' title='bbox 1587 2151 1697 2183; x_wconf 86' lang='lat' dir='ltr'><strong>visum</strong></span> <span class='ocrx_word' id='word_1_505' title='bbox 1733 2151 1800 2183; x_wconf 86' lang='lat' dir='ltr'><strong>fuit</strong></span> <span class='ocrx_word' id='word_1_506' title='bbox 1827 2151 1920 2194; x_wconf 92' lang='lat' dir='ltr'><strong>quod</strong></span> <span class='ocrx_word' id='word_1_507' title='bbox 1946 2151 2078 2183; x_wconf 86' lang='lat' dir='ltr'><strong>factum</strong></span> 
     </span>
     <span class='ocr_line' id='line_1_41' title="bbox 232 2201 1461 2243; baseline 0.002 -10"><span class='ocrx_word' id='word_1_508' title='bbox 232 2210 302 2233; x_wconf 91' lang='lat' dir='ltr'><strong>non</strong></span> <span class='ocrx_word' id='word_1_509' title='bbox 324 2207 538 2243; x_wconf 86' lang='lat' dir='ltr'><strong>processerat</strong></span> <span class='ocrx_word' id='word_1_510' title='bbox 561 2201 727 2234; x_wconf 87' lang='lat' dir='ltr'><strong>malitiose</strong></span> <span class='ocrx_word' id='word_1_511' title='bbox 746 2207 785 2242; x_wconf 87' lang='lat' dir='ltr'><strong>et</strong></span> <span class='ocrx_word' id='word_1_512' title='bbox 807 2202 886 2234; x_wconf 89' lang='lat' dir='ltr'><strong>ideo</strong></span> <span class='ocrx_word' id='word_1_513' title='bbox 910 2203 1018 2235; x_wconf 91' lang='lat' dir='ltr'><strong>nichil</strong></span> <span class='ocrx_word' id='word_1_514' title='bbox 1042 2202 1138 2235; x_wconf 84' lang='lat' dir='ltr'><strong>aliud</strong></span> <span class='ocrx_word' id='word_1_515' title='bbox 1161 2203 1361 2236; x_wconf 88' lang='lat' dir='ltr'><strong>innovatum</strong></span> <span class='ocrx_word' id='word_1_516' title='bbox 1385 2204 1461 2236; x_wconf 91' lang='lat' dir='ltr'><strong>fuit.</strong></span> 
     </span>
    </p>

    <p class='ocr_par' dir='ltr' id='par_1_8' title="bbox 229 2254 2143 2458">
     <span class='ocr_line' id='line_1_42' title="bbox 319 2254 2078 2300; baseline 0.002 -14"><span class='ocrx_word' id='word_1_517' title='bbox 319 2254 451 2287; x_wconf 91' lang='lat' dir='ltr'><strong>Eodem</strong></span> <span class='ocrx_word' id='word_1_518' title='bbox 475 2265 566 2287; x_wconf 88' lang='lat' dir='ltr'><strong>anno</strong></span> <span class='ocrx_word' id='word_1_519' title='bbox 589 2255 899 2290; x_wconf 90' lang='lat' dir='ltr'><strong>M.CCCXXXVI.</strong></span> <span class='ocrx_word' id='word_1_520' title='bbox 917 2274 958 2279; x_wconf 89' lang='lat'><strong>——</strong></span> <span class='ocrx_word' id='word_1_521' title='bbox 974 2255 1136 2288; x_wconf 88' lang='lat' dir='ltr'><strong>Marchio</strong></span> <span class='ocrx_word' id='word_1_522' title='bbox 1159 2256 1298 2300; x_wconf 72' lang='lat' dir='ltr'><strong>Oppico</strong></span> <span class='ocrx_word' id='word_1_523' title='bbox 1315 2257 1469 2289; x_wconf 87' lang='lat' dir='ltr'><strong>Estensis</strong></span> <span class='ocrx_word' id='word_1_524' title='bbox 1493 2258 1535 2290; x_wconf 91' lang='lat' dir='ltr'><strong>de</strong></span> <span class='ocrx_word' id='word_1_525' title='bbox 1559 2257 1720 2290; x_wconf 86' lang='lat' dir='ltr'><strong>Ferraria</strong></span> <span class='ocrx_word' id='word_1_526' title='bbox 1742 2257 1886 2290; x_wconf 85' lang='lat' dir='ltr'><strong>intravit</strong></span> <span class='ocrx_word' id='word_1_527' title='bbox 1901 2257 2078 2290; x_wconf 82' lang='lat' dir='ltr'><strong>civitatem</strong></span> 
     </span>
     <span class='ocr_line' id='line_1_43' title="bbox 229 2307 2079 2353; baseline 0.002 -14"><span class='ocrx_word' id='word_1_528' title='bbox 229 2307 387 2340; x_wconf 86' lang='lat' dir='ltr'><strong>Mutinae</strong></span> <span class='ocrx_word' id='word_1_529' title='bbox 411 2307 469 2340; x_wconf 89' lang='lat' dir='ltr'><strong>die</strong></span> <span class='ocrx_word' id='word_1_530' title='bbox 491 2317 561 2349; x_wconf 76' lang='grc' dir='ltr'><strong>ΧΠ]</strong></span> <span class='ocrx_word' id='word_1_531' title='bbox 583 2308 709 2340; x_wconf 86' lang='lat' dir='ltr'><strong>mensis</strong></span> <span class='ocrx_word' id='word_1_532' title='bbox 731 2308 815 2352; x_wconf 80' lang='lat' dir='ltr'><strong>maji</strong></span> <span class='ocrx_word' id='word_1_533' title='bbox 838 2313 872 2341; x_wconf 88' lang='lat' dir='ltr'><strong>et</strong></span> <span class='ocrx_word' id='word_1_534' title='bbox 895 2310 1009 2342; x_wconf 80' lang='lat' dir='ltr'><strong>factus</strong></span> <span class='ocrx_word' id='word_1_535' title='bbox 1031 2309 1101 2342; x_wconf 79' lang='lat' dir='ltr'><strong>fuit</strong></span> <span class='ocrx_word' id='word_1_536' title='bbox 1125 2310 1283 2342; x_wconf 87' lang='lat' dir='ltr'><strong>dominus</strong></span> <span class='ocrx_word' id='word_1_537' title='bbox 1308 2310 1423 2343; x_wconf 90' lang='lat' dir='ltr'><strong>dictae</strong></span> <span class='ocrx_word' id='word_1_538' title='bbox 1447 2311 1600 2343; x_wconf 87' lang='lat' dir='ltr'><strong>civitatis</strong></span> <span class='ocrx_word' id='word_1_539' title='bbox 1623 2322 1686 2353; x_wconf 89' lang='lat' dir='ltr'><strong>per</strong></span> <span class='ocrx_word' id='word_1_540' title='bbox 1709 2310 1904 2343; x_wconf 86' lang='lat' dir='ltr'><strong>Guidonem</strong></span> <span class='ocrx_word' id='word_1_541' title='bbox 1919 2314 1954 2343; x_wconf 70' lang='lat' dir='ltr'><strong>et</strong></span> <span class='ocrx_word' id='word_1_542' title='bbox 1976 2309 2079 2343; x_wconf 83' lang='lat' dir='ltr'><strong>Man-</strong></span> 
     </span>
     <span class='ocr_line' id='line_1_44' title="bbox 229 2360 2143 2408; baseline 0.002 -16"><span class='ocrx_word' id='word_1_543' title='bbox 229 2361 366 2394; x_wconf 90' lang='lat' dir='ltr'><strong>fredum</strong></span> <span class='ocrx_word' id='word_1_544' title='bbox 390 2361 433 2393; x_wconf 93' lang='lat' dir='ltr'><strong>de</strong></span> <span class='ocrx_word' id='word_1_545' title='bbox 455 2360 539 2399; x_wconf 89' lang='lat' dir='ltr'><strong>Piis,</strong></span> <span class='ocrx_word' id='word_1_546' title='bbox 563 2361 713 2393; x_wconf 88' lang='lat' dir='ltr'><strong>vicarios</strong></span> <span class='ocrx_word' id='word_1_547' title='bbox 737 2361 828 2406; x_wconf 86' lang='lat' dir='ltr'><strong>regis</strong></span> <span class='ocrx_word' id='word_1_548' title='bbox 850 2362 1028 2395; x_wconf 87' lang='lat' dir='ltr'><strong>Boemiae:</strong></span> <span class='ocrx_word' id='word_1_549' title='bbox 1055 2363 1098 2396; x_wconf 92' lang='lat' dir='ltr'><strong>de</strong></span> <span class='ocrx_word' id='word_1_550' title='bbox 1121 2372 1190 2406; x_wconf 92' lang='lat' dir='ltr'><strong>quo</strong></span> <span class='ocrx_word' id='word_1_551' title='bbox 1216 2364 1347 2396; x_wconf 86' lang='lat' dir='ltr'><strong>factum</strong></span> <span class='ocrx_word' id='word_1_552' title='bbox 1372 2364 1440 2396; x_wconf 85' lang='lat' dir='ltr'><strong>fuit</strong></span> <span class='ocrx_word' id='word_1_553' title='bbox 1462 2364 1640 2396; x_wconf 86' lang='lat' dir='ltr'><strong>Bononiae</strong></span> <span class='ocrx_word' id='word_1_554' title='bbox 1663 2373 1825 2408; x_wconf 85' lang='lat' dir='ltr'><strong>magnum</strong></span> <span class='ocrx_word' id='word_1_555' title='bbox 1847 2363 2012 2408; x_wconf 85' lang='lat' dir='ltr'><strong>gaudium</strong></span> <span class='ocrx_word' id='word_1_556' title='bbox 2042 2369 2078 2396; x_wconf 89' lang='lat' dir='ltr'><strong>et</strong></span> <span class='ocrx_word' id='word_1_557' title='bbox 2101 2363 2143 2395; x_wconf 83' lang='lat'><strong>40</strong></span> 
     </span>
     <span class='ocr_line' id='line_1_45' title="bbox 230 2413 1072 2458; baseline 0.004 -13"><span class='ocrx_word' id='word_1_558' title='bbox 230 2424 355 2458; x_wconf 85' lang='lat' dir='ltr'><strong>magna</strong></span> <span class='ocrx_word' id='word_1_559' title='bbox 377 2413 565 2446; x_wconf 87' lang='lat' dir='ltr'><strong>hastiludia</strong></span> <span class='ocrx_word' id='word_1_560' title='bbox 587 2419 622 2446; x_wconf 89' lang='lat' dir='ltr'><strong>et</strong></span> <span class='ocrx_word' id='word_1_561' title='bbox 644 2415 773 2458; x_wconf 87' lang='lat' dir='ltr'><strong>gaudia</strong></span> <span class='ocrx_word' id='word_1_562' title='bbox 795 2425 860 2457; x_wconf 92' lang='lat' dir='ltr'><strong>per</strong></span> <span class='ocrx_word' id='word_1_563' title='bbox 881 2415 1072 2449; x_wconf 87' lang='lat' dir='ltr'><strong>societates.</strong></span> 
     </span>
    </p>

    <p class='ocr_par' dir='ltr' id='par_1_9' title="bbox 229 2467 2078 2567">
     <span class='ocr_line' id='line_1_46' title="bbox 317 2467 2078 2514; baseline 0.002 -16"><span class='ocrx_word' id='word_1_564' title='bbox 317 2467 449 2500; x_wconf 91' lang='lat' dir='ltr'><strong>Eodem</strong></span> <span class='ocrx_word' id='word_1_565' title='bbox 471 2476 573 2506; x_wconf 89' lang='lat' dir='ltr'><strong>anno,</strong></span> <span class='ocrx_word' id='word_1_566' title='bbox 598 2467 656 2500; x_wconf 92' lang='lat' dir='ltr'><strong>die</strong></span> <span class='ocrx_word' id='word_1_567' title='bbox 679 2477 756 2499; x_wconf 86' lang='lat' dir='ltr'><strong>xxx</strong></span> <span class='ocrx_word' id='word_1_568' title='bbox 778 2468 871 2512; x_wconf 82' lang='lat' dir='ltr'><strong>maji.</strong></span> <span class='ocrx_word' id='word_1_569' title='bbox 889 2486 931 2491; x_wconf 94' lang='lat'><strong>—</strong></span> <span class='ocrx_word' id='word_1_570' title='bbox 946 2469 1108 2513; x_wconf 74' lang='lat' dir='ltr'><strong>Mucolus</strong></span> <span class='ocrx_word' id='word_1_571' title='bbox 1123 2470 1167 2502; x_wconf 89' lang='lat' dir='ltr'><strong>de</strong></span> <span class='ocrx_word' id='word_1_572' title='bbox 1181 2470 1373 2514; x_wconf 87' lang='lat' dir='ltr'><strong>Balduynis</strong></span> <span class='ocrx_word' id='word_1_573' title='bbox 1396 2471 1465 2503; x_wconf 85' lang='lat' dir='ltr'><strong>fuit</strong></span> <span class='ocrx_word' id='word_1_574' title='bbox 1480 2472 1593 2504; x_wconf 87' lang='lat' dir='ltr'><strong>factus</strong></span> <span class='ocrx_word' id='word_1_575' title='bbox 1616 2481 1725 2503; x_wconf 85' lang='lat' dir='ltr'><strong>novus</strong></span> <span class='ocrx_word' id='word_1_576' title='bbox 1741 2470 1944 2513; x_wconf 86' lang='lat' dir='ltr'><strong>praeconsul</strong></span> <span class='ocrx_word' id='word_1_577' title='bbox 1967 2469 2078 2502; x_wconf 87' lang='lat' dir='ltr'><strong>socie-</strong></span> 
     </span>
     <span class='ocr_line' id='line_1_47' title="bbox 229 2517 1706 2567; baseline 0.003 -15"><span class='ocrx_word' id='word_1_578' title='bbox 229 2520 310 2552; x_wconf 88' lang='lat' dir='ltr'><strong>tatis</strong></span> <span class='ocrx_word' id='word_1_579' title='bbox 333 2520 566 2558; x_wconf 86' lang='lat' dir='ltr'><strong>Notariorum,</strong></span> <span class='ocrx_word' id='word_1_580' title='bbox 590 2521 688 2564; x_wconf 87' lang='lat' dir='ltr'><strong>cujus</strong></span> <span class='ocrx_word' id='word_1_581' title='bbox 711 2520 853 2553; x_wconf 84' lang='lat' dir='ltr'><strong>offitium</strong></span> <span class='ocrx_word' id='word_1_582' title='bbox 876 2521 1003 2564; x_wconf 88' lang='lat' dir='ltr'><strong>incipit</strong></span> <span class='ocrx_word' id='word_1_583' title='bbox 1027 2522 1063 2554; x_wconf 89' lang='lat' dir='ltr'><strong>in</strong></span> <span class='ocrx_word' id='word_1_584' title='bbox 1085 2522 1258 2556; x_wconf 87' lang='lat' dir='ltr'><strong>kallendis</strong></span> <span class='ocrx_word' id='word_1_585' title='bbox 1279 2523 1358 2567; x_wconf 80' lang='lat' dir='ltr'><strong>julii</strong></span> <span class='ocrx_word' id='word_1_586' title='bbox 1381 2524 1538 2566; x_wconf 90' lang='lat' dir='ltr'><strong>proxime</strong></span> <span class='ocrx_word' id='word_1_587' title='bbox 1560 2517 1706 2556; x_wconf 45' lang='lat' dir='ltr'><strong>uenturi.</strong></span> 
     </span>
    </p>

    <p class='ocr_par' dir='ltr' id='par_1_10' title="bbox 228 2573 2137 2832">
     <span class='ocr_line' id='line_1_48' title="bbox 318 2573 2076 2620; baseline 0.002 -15"><span class='ocrx_word' id='word_1_588' title='bbox 318 2573 450 2606; x_wconf 92' lang='lat' dir='ltr'><strong>Eodem</strong></span> <span class='ocrx_word' id='word_1_589' title='bbox 474 2582 576 2612; x_wconf 91' lang='lat' dir='ltr'><strong>anno,</strong></span> <span class='ocrx_word' id='word_1_590' title='bbox 601 2573 658 2606; x_wconf 91' lang='lat' dir='ltr'><strong>die</strong></span> <span class='ocrx_word' id='word_1_591' title='bbox 681 2583 776 2615; x_wconf 84' lang='lat' dir='ltr'><strong>xan</strong></span> <span class='ocrx_word' id='word_1_592' title='bbox 796 2574 898 2617; x_wconf 82' lang='lat' dir='ltr'><strong>junii.</strong></span> <span class='ocrx_word' id='word_1_593' title='bbox 923 2593 965 2598; x_wconf 93' lang='lat'>—</span> <span class='ocrx_word' id='word_1_594' title='bbox 989 2575 1196 2608; x_wconf 87' lang='lat' dir='ltr'><strong>Interfectus</strong></span> <span class='ocrx_word' id='word_1_595' title='bbox 1219 2577 1287 2608; x_wconf 81' lang='lat' dir='ltr'><strong>fuit</strong></span> <span class='ocrx_word' id='word_1_596' title='bbox 1309 2577 1485 2620; x_wconf 89' lang='lat' dir='ltr'><strong>Johannes</strong></span> <span class='ocrx_word' id='word_1_597' title='bbox 1515 2577 1595 2610; x_wconf 91' lang='lat' dir='ltr'><strong>Sale</strong></span> <span class='ocrx_word' id='word_1_598' title='bbox 1627 2578 1670 2609; x_wconf 89' lang='lat' dir='ltr'><strong>de</strong></span> <span class='ocrx_word' id='word_1_599' title='bbox 1693 2576 1868 2615; x_wconf 85' lang='lat' dir='ltr'><strong>Planorio,</strong></span> <span class='ocrx_word' id='word_1_600' title='bbox 1892 2576 2076 2608; x_wconf 86' lang='lat' dir='ltr'><strong>familiaris</strong></span> 
     </span>
     <span class='ocr_line' id='line_1_49' title="bbox 230 2626 2137 2673; baseline 0.002 -16"><span class='ocrx_word' id='word_1_601' title='bbox 230 2626 361 2658; x_wconf 91' lang='lat' dir='ltr'><strong>domini</strong></span> <span class='ocrx_word' id='word_1_602' title='bbox 378 2626 511 2658; x_wconf 87' lang='lat' dir='ltr'><strong>Tadaei</strong></span> <span class='ocrx_word' id='word_1_603' title='bbox 529 2627 573 2659; x_wconf 92' lang='lat' dir='ltr'><strong>de</strong></span> <span class='ocrx_word' id='word_1_604' title='bbox 588 2626 736 2668; x_wconf 77' lang='lat' dir='ltr'><strong>Pepofis,</strong></span> <span class='ocrx_word' id='word_1_605' title='bbox 754 2631 788 2659; x_wconf 90' lang='lat' dir='ltr'><strong>et</strong></span> <span class='ocrx_word' id='word_1_606' title='bbox 803 2637 891 2659; x_wconf 87' lang='lat' dir='ltr'><strong>unus</strong></span> <span class='ocrx_word' id='word_1_607' title='bbox 906 2627 1090 2660; x_wconf 81' lang='lat' dir='ltr'><strong>familiaris</strong></span> <span class='ocrx_word' id='word_1_608' title='bbox 1107 2628 1239 2661; x_wconf 88' lang='lat' dir='ltr'><strong>domini</strong></span> <span class='ocrx_word' id='word_1_609' title='bbox 1254 2629 1471 2662; x_wconf 87' lang='lat' dir='ltr'><strong>Brandelixii</strong></span> <span class='ocrx_word' id='word_1_610' title='bbox 1489 2630 1531 2662; x_wconf 93' lang='lat' dir='ltr'><strong>de</strong></span> <span class='ocrx_word' id='word_1_611' title='bbox 1548 2629 1740 2673; x_wconf 74' lang='lat' dir='ltr'><strong>Gocadinis</strong></span> <span class='ocrx_word' id='word_1_612' title='bbox 1755 2629 1932 2661; x_wconf 89' lang='lat' dir='ltr'><strong>interfecit</strong></span> <span class='ocrx_word' id='word_1_613' title='bbox 1948 2629 2071 2671; x_wconf 89' lang='lat' dir='ltr'><strong>ipsum.</strong></span> <span class='ocrx_word' id='word_1_614' title='bbox 2096 2627 2137 2661; x_wconf 88' lang='lat'><strong>45</strong></span> 
     </span>
     <span class='ocr_line' id='line_1_50' title="bbox 228 2678 2075 2725; baseline 0.002 -15"><span class='ocrx_word' id='word_1_615' title='bbox 228 2678 332 2711; x_wconf 90' lang='lat' dir='ltr'><strong>Unde</strong></span> <span class='ocrx_word' id='word_1_616' title='bbox 353 2683 427 2711; x_wconf 87' lang='lat' dir='ltr'><strong>tota</strong></span> <span class='ocrx_word' id='word_1_617' title='bbox 449 2679 510 2711; x_wconf 87' lang='lat' dir='ltr'><strong>illa</strong></span> <span class='ocrx_word' id='word_1_618' title='bbox 533 2683 635 2711; x_wconf 86' lang='lat' dir='ltr'><strong>nocte</strong></span> <span class='ocrx_word' id='word_1_619' title='bbox 658 2684 824 2712; x_wconf 88' lang='lat' dir='ltr'><strong>steterunt</strong></span> <span class='ocrx_word' id='word_1_620' title='bbox 846 2680 969 2712; x_wconf 88' lang='lat' dir='ltr'><strong>armati</strong></span> <span class='ocrx_word' id='word_1_621' title='bbox 993 2680 1046 2712; x_wconf 91' lang='lat' dir='ltr'><strong>illi</strong></span> <span class='ocrx_word' id='word_1_622' title='bbox 1071 2681 1114 2713; x_wconf 92' lang='lat' dir='ltr'><strong>de</strong></span> <span class='ocrx_word' id='word_1_623' title='bbox 1138 2681 1328 2725; x_wconf 75' lang='lat' dir='ltr'><strong>Gocadinis</strong></span> <span class='ocrx_word' id='word_1_624' title='bbox 1344 2687 1378 2714; x_wconf 91' lang='lat' dir='ltr'><strong>et</strong></span> <span class='ocrx_word' id='word_1_625' title='bbox 1394 2683 1446 2714; x_wconf 91' lang='lat' dir='ltr'><strong>illi</strong></span> <span class='ocrx_word' id='word_1_626' title='bbox 1464 2683 1507 2715; x_wconf 90' lang='lat' dir='ltr'><strong>de</strong></span> <span class='ocrx_word' id='word_1_627' title='bbox 1530 2683 1678 2725; x_wconf 90' lang='lat' dir='ltr'><strong>Pepolis.</strong></span> <span class='ocrx_word' id='word_1_628' title='bbox 1714 2682 1879 2725; x_wconf 85' lang='lat' dir='ltr'><strong>Sequenti</strong></span> <span class='ocrx_word' id='word_1_629' title='bbox 1902 2691 1983 2714; x_wconf 90' lang='lat' dir='ltr'><strong>vero</strong></span> <span class='ocrx_word' id='word_1_630' title='bbox 2007 2681 2075 2720; x_wconf 90' lang='lat' dir='ltr'><strong>die,</strong></span> 
     </span>
     <span class='ocr_line' id='line_1_51' title="bbox 230 2731 2076 2778; baseline 0.003 -16"><span class='ocrx_word' id='word_1_631' title='bbox 230 2731 362 2763; x_wconf 86' lang='lat' dir='ltr'><strong>factum</strong></span> <span class='ocrx_word' id='word_1_632' title='bbox 385 2731 455 2764; x_wconf 84' lang='lat' dir='ltr'><strong>fuit</strong></span> <span class='ocrx_word' id='word_1_633' title='bbox 477 2731 671 2770; x_wconf 85' lang='lat' dir='ltr'><strong>consilium,</strong></span> <span class='ocrx_word' id='word_1_634' title='bbox 695 2731 732 2764; x_wconf 91' lang='lat' dir='ltr'><strong>in</strong></span> <span class='ocrx_word' id='word_1_635' title='bbox 756 2742 825 2775; x_wconf 89' lang='lat' dir='ltr'><strong>quo</strong></span> <span class='ocrx_word' id='word_1_636' title='bbox 849 2733 1009 2766; x_wconf 86' lang='lat' dir='ltr'><strong>dominus</strong></span> <span class='ocrx_word' id='word_1_637' title='bbox 1030 2733 1273 2767; x_wconf 87' lang='lat' dir='ltr'><strong>Brandelixius</strong></span> <span class='ocrx_word' id='word_1_638' title='bbox 1296 2746 1331 2768; x_wconf 86' lang='lat' dir='ltr'><strong>se</strong></span> <span class='ocrx_word' id='word_1_639' title='bbox 1354 2736 1531 2768; x_wconf 85' lang='lat' dir='ltr'><strong>excusavit</strong></span> <span class='ocrx_word' id='word_1_640' title='bbox 1555 2735 1707 2768; x_wconf 91' lang='lat' dir='ltr'><strong>dicendo</strong></span> <span class='ocrx_word' id='word_1_641' title='bbox 1737 2735 1831 2778; x_wconf 89' lang='lat' dir='ltr'><strong>quod</strong></span> <span class='ocrx_word' id='word_1_642' title='bbox 1854 2735 1942 2767; x_wconf 91' lang='lat' dir='ltr'><strong>illud</strong></span> <span class='ocrx_word' id='word_1_643' title='bbox 1964 2734 2076 2767; x_wconf 88' lang='lat' dir='ltr'><strong>homi-</strong></span> 
     </span>
     <span class='ocr_line' id='line_1_52' title="bbox 230 2783 1478 2832; baseline 0.005 -17"><span class='ocrx_word' id='word_1_644' title='bbox 230 2783 361 2816; x_wconf 89' lang='lat' dir='ltr'><strong>cidium</strong></span> <span class='ocrx_word' id='word_1_645' title='bbox 383 2785 515 2817; x_wconf 84' lang='lat' dir='ltr'><strong>factum</strong></span> <span class='ocrx_word' id='word_1_646' title='bbox 538 2784 607 2817; x_wconf 82' lang='lat' dir='ltr'><strong>fuit</strong></span> <span class='ocrx_word' id='word_1_647' title='bbox 629 2790 751 2818; x_wconf 88' lang='lat' dir='ltr'><strong>contra</strong></span> <span class='ocrx_word' id='word_1_648' title='bbox 773 2796 869 2819; x_wconf 86' lang='lat' dir='ltr'><strong>suam</strong></span> <span class='ocrx_word' id='word_1_649' title='bbox 892 2786 1103 2820; x_wconf 85' lang='lat' dir='ltr'><strong>voluntatem</strong></span> <span class='ocrx_word' id='word_1_650' title='bbox 1127 2793 1162 2820; x_wconf 88' lang='lat' dir='ltr'><strong>et</strong></span> <span class='ocrx_word' id='word_1_651' title='bbox 1185 2787 1261 2831; x_wconf 87' lang='lat' dir='ltr'><strong>ipso</strong></span> <span class='ocrx_word' id='word_1_652' title='bbox 1284 2788 1478 2832; x_wconf 83' lang='lat' dir='ltr'><strong>ignorante.</strong></span> 
     </span>
    </p>
   </div>
   <div class='ocr_carea' id='block_1_6' title="bbox 313 2912 1884 2951">
    <p class='ocr_par' dir='ltr' id='par_1_11' title="bbox 313 2912 1884 2951">
     <span class='ocr_line' id='line_1_53' title="bbox 313 2912 1884 2951; baseline 0.003 -13"><span class='ocrx_word' id='word_1_653' title='bbox 313 2919 330 2944; x_wconf 89' lang='lat'>4</span> <span class='ocrx_word' id='word_1_654' title='bbox 349 2912 463 2946; x_wconf 78' lang='lat' dir='ltr'><strong>multae]</strong></span> <span class='ocrx_word' id='word_1_655' title='bbox 479 2921 560 2946; x_wconf 70' lang='lat' dir='ltr'><strong>segue</strong></span> <span class='ocrx_word' id='word_1_656' title='bbox 576 2913 757 2940; x_wconf 69' lang='lat' dir='ltr'><strong>condemnati</strong></span> <span class='ocrx_word' id='word_1_657' title='bbox 775 2915 918 2940; x_wconf 72' lang='lat' dir='ltr'><strong>cancellato</strong></span> <span class='ocrx_word' id='word_1_658' title='bbox 936 2927 970 2933; x_wconf 93' lang='grc'>-</span> <span class='ocrx_word' id='word_1_659' title='bbox 990 2919 1004 2946; x_wconf 82' lang='lat'>5</span> <span class='ocrx_word' id='word_1_660' title='bbox 1024 2916 1149 2948; x_wconf 72' lang='lat' dir='ltr'><strong>potestas</strong></span> <span class='ocrx_word' id='word_1_661' title='bbox 1167 2915 1325 2949; x_wconf 77' lang='lat' dir='ltr'><strong>Bononiae]</strong></span> <span class='ocrx_word' id='word_1_662' title='bbox 1345 2917 1492 2942; x_wconf 60' lang='lat' dir='ltr'><strong>corretion</strong></span> <span class='ocrx_word' id='word_1_663' title='bbox 1509 2926 1539 2942; x_wconf 79' lang='lat' dir='ltr'><strong>su</strong></span> <span class='ocrx_word' id='word_1_664' title='bbox 1557 2918 1721 2951; x_wconf 77' lang='lat' dir='ltr'><strong>capitaneus</strong></span> <span class='ocrx_word' id='word_1_665' title='bbox 1739 2918 1884 2943; x_wconf 74' lang='lat' dir='ltr'><strong>cancellato</strong></span> 
     </span>
    </p>
   </div>
  </div>
 </body>
</html>
