2196 3424
879 186 1283 228 INTRODUZIONE
1851 193 2000 231 XXVII

161 330 242 366 dosi
269 329 365 365 della
393 334 514 376 strage
541 328 632 364 satta
659 327 719 363 del
747 332 857 364 conte
887 328 1077 365 Giovanni
1105 329 1153 366 da
1180 330 1368 367 Barbiano
1397 344 1418 367 e
1446 332 1504 368 de'
1532 334 1612 369 suoi
1639 334 1763 380 amici,
1799 334 1824 370 il
1859 335 2002 371 Memo-

111 415 114 417 -
160 392 257 429 riale
282 391 349 427 ha:
383 391 399 410 “
416 390 572 427 Utinam
597 389 671 426 hoc
699 401 775 424 non
802 390 938 436 fuisset,
966 391 1052 438 quia
1079 392 1218 428 bonurn
1244 392 1371 430 fuisset
1397 405 1466 441 pro
1493 395 1673 442 Bononia,
1702 395 1790 433 licet
1807 397 1875 444 ipsi
1902 398 2000 433 bene

160 454 386 490 meruissent.
442 451 519 489 SED
547 462 625 488 EGO
650 451 871 488 MATHAEUS
897 463 950 487 DE
979 452 1240 490 GRlFmNmUS
1267 456 1445 502 regratior
1471 457 1570 504 Deo,
1599 457 1701 506 quod
1728 457 1775 494 de
1801 458 1874 495 hoc
1892 459 2003 495 nichil

160 516 268 562 sensi,
296 515 382 564 quia
410 526 511 551 eram
539 514 671 550 absens
698 525 720 550 a
746 513 918 550 Bononia
946 520 1106 562 propter,
1126 516 1391 553 mortalitatem
1419 518 1469 554 ibi
1498 525 1677 556 estantem
1696 516 1742 567 „¹-

115 579 134 613 5
266 576 334 613 Μ3
360 589 435 612 non
461 587 646 612 mancano
672 575 886 612 un’infinita
913 576 951 612 di
979 576 1061 613 altri
1089 577 1213 622 indizi,
1252 590 1360 615 come
1396 579 1431 616 la
1467 592 1554 616 cura
1591 593 1612 617 e
1649 582 1684 617 13
1715 581 1904 630 diligenza
1932 582 2000 618 che

158 651 257 688 pone
283 638 432 676 Matteo
460 638 521 675 nel
550 648 701 686 segnare
729 638 742 673 i
768 637 893 685 propri
921 639 1040 685 onori,
1068 638 1103 674 le
1131 639 1269 675 notizie
1298 641 1365 676 che
1401 641 1621 689 riguardano
1657 643 1708 679 lui
1736 656 1757 680 e
1783 644 1819 680 la
1845 655 1910 680 sua
1944 644 1999 680 fa-

158 701 295 749 rniglia.
348 701 378 737 11
403 701 535 748 giorno
562 699 660 736 della
677 711 742 736 sua
760 700 901 735 nascita
920 701 940 735 ὲ·
958 700 1146 737 ricordato
1174 713 1244 737 con
1263 703 1350 749 ogni
1368 704 1586 751 precisione,
1606 711 1837 754 quantunque
1865 707 2002 742 notizia

158 763 482 812 particolarissima
509 774 530 798 e
558 762 720 798 sebbene
748 761 774 797 il
801 762 897 797 fatto
924 762 962 798 di
990 761 1155 798 indicare
1184 763 1221 799 la
1248 765 1400 810 nascita,
1430 766 1545 802 anche
1567 766 1663 802 delle
1684 779 1840 814 persone
1859 767 1998 813 illustri,

158 838 232 862 non
259 825 312 862 sia
338 824 400 861 nel
426 830 591 861 costume
619 823 719 860 dello
746 824 916 860 scrittore
930 820 954 859 ⁹.
1010 825 1068 860 La
1095 825 1258 861 storiella
1292 825 1388 862 della
1424 839 1489 863 sua
1525 835 1671 865 amante
1699 830 1720 864 ὲ
1754 829 2001 876 particolaris-

39 895 51 918 ζ»
95 891 134 924 10
161 888 264 925 sima.
317 887 404 924 Una
431 887 569 923 notizia
594 886 831 933 importante,
858 897 925 933 per
950 885 1235 932 l'attribuzione,
1264 889 1285 923 ὲ
1313 894 1461 936 questa:
1494 889 1512 909 “
1530 890 1579 926 Et
1605 889 1724 926 dictus
1760 891 1927 928 Stefassus
1953 892 2001 928 de

162 950 178 969 ‘⁴
197 948 444 997 Formaglinis
462 949 578 985 evasit
595 959 802 996 personam,
823 948 909 996 quia
926 947 1120 985 Mathaeus
1147 948 1194 985 de
1224 949 1449 987 Griffonibus
1467 957 1644 999 cognatus
1661 964 1755 998 suus,
1776 953 1838 1001 qui
1857 959 1937 990 erat
1954 953 2001 990 de

162 1013 178 1032 “
197 1011 267 1048 alia
293 1016 411 1059 parte,
430 1011 535 1048 duxit
562 1011 682 1059 ipsum
709 1015 814 1046 extra
841 1010 1030 1046 civitatem
1049 1016 1087 1047 et
1105 1011 1192 1047 fecit
1219 1013 1337 1060 ipsum
1363 1013 1488 1049 sotiari
1515 1026 1627 1063 usque
1656 1020 1759 1051 extra
1786 1016 2003 1052 comitatum

160 1073 178 1093 “
194 1074 398 1119 Bononiae,
427 1074 514 1123 quia
542 1072 682 1120 aufixgit
708 1072 745 1108 in
773 1071 889 1108 domo
916 1073 1027 1120 ipsius
1053 1073 1216 1110 Mathaei
1236 1071 1289 1122 „⁸3
1317 1087 1338 1111 e
1366 1075 1577 1124 quest'altra
1613 1077 1680 1113 che
1717 1077 1751 1113 ci
1785 1062 1833 1113 da
1861 1078 2000 1124 perfino

155 1136 180 1172 1’
188 1137 318 1173 intimo
336 1137 560 1173 sentimento
578 1135 616 1171 di
633 1133 794 1180 Matte0,
814 1135 1038 1171 sentimento
1058 1135 1125 1171 che
1152 1148 1283 1172 nessun
1300 1137 1391 1173 altro
1410 1143 1548 1185 poteva
1576 1150 1775 1175 conoscere
1803 1139 2003 1175 all'infuori

2 1196 10 1224 ’ν
93 1201 130 1235 15
159 1199 198 1235 di
223 1199 294 1236 lui:
327 1199 342 1218 “
361 1199 411 1235 Et
437 1199 542 1234 dicto
569 1203 738 1244 tempore
764 1196 961 1234 Mathaeus
987 1197 1034 1234 de
1066 1198 1294 1235 Griffonibus
1322 1205 1402 1235 erat
1429 1199 1475 1235 de
1502 1212 1656 1236 numero
1684 1202 1912 1237 antianorum
1931 1199 1998 1251 (al-

161 1261 176 1281 ·
196 1261 280 1298 cuni
307 1261 474 1313 cittadini
501 1259 694 1307 bolognesi
724 1270 837 1295 erano
865 1260 950 1296 stati
979 1260 1201 1296 condannati
1219 1260 1254 1297 al
1275 1258 1414 1310 bando)
1443 1267 1481 1297 et
1499 1274 1574 1298 non
1593 1263 1714 1309 potuit
1740 1263 1857 1298 modo
1875 1263 2000 1312 aliquo

163 1325 178 1343 ¹¹
198 1324 352 1360 obviare
381 1329 419 1360 et
445 1322 556 1359 valde
586 1321 706 1358 doluit
733 1321 780 1357 de
808 1322 896 1369 ipsis
924 1322 1067 1359 civibus
1094 1323 1131 1357 in
1159 1328 1311 1369 tanturn,
1340 1323 1443 1371 quod
1471 1324 1549 1371 ipse
1585 1324 1713 1360 habuit
1748 1326 2001 1373 quaestionem

163 1386 179 1405 “
199 1397 283 1422 cum
311 1385 391 1422 aliis
419 1385 584 1430 antianis,
613 1384 699 1432 quia
726 1382 879 1420 volebat
905 1384 1008 1432 quod
1035 1385 1228 1432 negotium
1255 1396 1331 1420 non
1360 1385 1585 1432 procederet
1611 1392 1650 1422 et
1675 1387 1887 1434 praesertim
1916 1387 2001 1435 quia

40 1498 42 1500 v
161 1447 275 1496 “ipse
302 1447 496 1484 Mathaeus
522 1446 633 1484 valde
662 1445 842 1493 diligebat
869 1446 1065 1484 dominum
1101 1447 1429 1484 Bartholomaeum
1457 1448 1504 1484 de
1531 1448 1696 1485 Saliceto
1731 1455 1768 1485 et
1795 1449 2001 1498 Johannem

33 1504 38 1536 Ῑ
89 1513 132 1547 20
162 1509 180 1530 “
196 1510 353 1546 Ysolani
379 1515 418 1546 et
445 1510 622 1546 comitem
649 1507 852 1555 Ugolinum
880 1513 918 1544 et
946 1510 1058 1545 etiam
1085 1509 1204 1546 adhuc
1222 1509 1313 1557 plus,
1333 1511 1418 1559 quia
1436 1510 1630 1546 Mathaeus
1648 1510 1695 1546 de
1714 1510 1906 1558 Magnanis
1924 1517 2003 1547 erat

161 1573 177 1592 “
196 1584 280 1610 suus
307 1572 423 1609 affinis
450 1572 538 1609 satis
564 1571 710 1608 strictus
737 1571 822 1619 quia
858 1577 977 1607 mater
1014 1572 1103 1608 dicti
1138 1571 1305 1609 Mathaei
1342 1572 1389 1608 de
1424 1572 1621 1620 Magnanis
1657 1573 1724 1609 fuit
1750 1573 1824 1609 filia
1860 1573 2000 1609 domini

161 1635 177 1654 ¹⁴
193 1635 363 1671 Lianorii
381 1634 428 1670 de
450 1635 676 1671 Griffonibus
696 1629 743 1680 „⁴.
799 1634 833 1669 E
852 1634 882 1670 si
910 1635 1093 1681 potrebbe
1114 1635 1330 1671 continuare
1358 1646 1431 1671 con
1450 1635 1645 1682 parecchie
1664 1635 1772 1671 simili
1791 1632 2000 1673 citazioni⁶.

156 1697 350 1733 Senonche
378 1696 404 1732 il
431 1697 624 1744 Fantuzzi,
653 1709 723 1745 pur
750 1696 1026 1733 riconoscendo
1054 1697 1122 1733 che
1150 1702 1278 1733 autore
1306 1696 1367 1733 del
1393 1697 1612 1734 Memoriale
1639 1698 1660 1733 8
1687 1697 1846 1744 Matte0,
1865 1698 1997 1734 ritiene

157 1759 226 1796 che
255 1759 370 1796 anche
400 1759 588 1796 Giovanni
617 1759 727 1796 abbia
755 1760 848 1796 fatto
876 1758 1062 1808 qualcosa.
1116 1758 1145 1795 11
1164 1760 1343 1796 Fantuzzi
1360 1771 1474 1807 pensa
1493 1760 1561 1795 che
1589 1771 1663 1795 non
1690 1764 1789 1796 tutto
1815 1759 1841 1795 il
1859 1760 2000 1797 Memo-

6 1813 45 1830 ²
88 1823 129 1857 25
158 1822 254 1858 riale
279 1822 334 1858 sia
361 1821 399 1858 di
425 1821 585 1867 Matte0,
619 1820 637 1840 “
655 1822 940 1870 imperciocche,
962 1821 1035 1869 egli
1053 1833 1215 1867 osserva,
1235 1821 1392 1870 qualche
1410 1820 1540 1869 parola
1566 1821 1626 1857 nel
1644 1821 1848 1857 medesimo
1867 1821 1999 1858 codice

159 1882 177 1903 ‘⁴
194 1890 392 1921 contenuta
419 1896 440 1920 e
468 1883 623 1932 qualche
651 1884 816 1921 notabile
836 1883 1012 1931 abbaglio
1031 1895 1142 1931 sopra
1159 1895 1316 1932 persone
1335 1884 1475 1920 viventi
1494 1884 1532 1919 in
1549 1882 1634 1932 quel
1654 1882 1782 1919 secolo
1809 1895 1883 1919 non
1901 1896 1997 1920 sem-

158 1945 177 1965 “
195 1946 263 1983 bra
290 1947 359 1982 che
387 1945 562 1982 debbano
590 1946 789 1983 attribuirsi
817 1958 839 1982 a
866 1946 1013 1982 Matteo
1044 1946 1213 1991 Griffoni,
1242 1957 1304 1981 ma
1321 1946 1500 1993 piuttosto
1519 1958 1540 1982 a
1559 1945 1714 1993 qualche
1734 1945 1999 1992 interpolatore

159 2009 175 2028 “
194 2007 255 2045 del
283 2020 350 2045 suo
377 2008 598 2045 Memoriale
624 2009 840 2046 historicum
858 2005 905 2056 „⁶.
961 2008 1006 2044 L'
1017 2008 1280 2055 interpolatore
1307 2008 1463 2044 sarebbe
1491 2012 1658 2055 appunto
1687 2007 1884 2044 Giovanni.

86 2074 129 2107 30
261 2071 317 2107 Le
338 2070 472 2117 parole
499 2083 521 2107 e
549 2071 562 2106 i
589 2071 746 2107 notabili
768 2070 922 2121 abbagli
938 2082 959 2106 a
978 2071 1038 2106 cui
1057 2070 1178 2106 allude
1197 2070 1222 2105 il
1241 2070 1417 2106 Fantuzzi
1435 2070 1466 2105 si
1484 2069 1741 2105 ridurrebbero
1761 2069 1795 2104 al
1822 2076 1999 2106 racconto

154 2132 484 2181 dell’apparizione
513 2132 749 2170 dell'amante
776 2133 960 2169 Raffaella
987 2131 1068 2181 (piu
1095 2145 1135 2168 su
1163 2144 1208 2168 ne
1237 2132 1389 2168 demmo
1418 2144 1467 2168 un
1493 2131 1598 2179 largo
1625 2130 1747 2179 sunto)
1764 2128 1778 2149 ⁷
1805 2131 1873 2167 che
1900 2132 1947 2168 ha
1974 2132 1999 2168 il

120 2228 128 2232 .
153 2194 311 2232 Griffoni
338 2200 437 2232 sotto
463 2194 587 2231 l'anno
620 2193 716 2234 1374
731 2192 756 2231 ⁸.
810 2195 840 2231 Il
867 2195 1044 2232 Fantuzzi
1073 2194 1276 2230 affermava
1304 2194 1372 2230 che
1391 2194 1455 2230 tali
1475 2205 1561 2230 cose
1581 2205 1654 2229 non
1673 2193 1834 2230 avrebbe
1853 2194 1926 2229 mai
1945 2205 1998 2229 as-

152 2257 263 2294 serite
291 2258 337 2293 ne
364 2258 491 2294 scritte
518 2257 666 2295 Matteo
695 2257 852 2294 Griffoni
880 2257 906 2293 il
933 2256 1041 2306 quale
1079 2268 1144 2293 era
1182 2257 1275 2294 assai
1312 2257 1458 2293 erudito
1495 2268 1515 2291 e
1552 2256 1713 2303 sapiente
1727 2251 1762 2302 ⁹3
1801 2255 1999 2292 dovevano

86 2319 129 2355 35
156 2319 304 2368 dunque
333 2331 453 2356 essere
481 2332 553 2356 una
578 2320 874 2368 interpolazione
902 2320 941 2356 di
971 2319 1166 2365 Giovanni,
1193 2319 1231 2355 di
1260 2318 1386 2367 quello
1413 2324 1530 2355 stesso
1560 2318 1747 2354 Giovanni
1775 2317 1843 2354 che
1877 2318 1907 2353 si
1934 2330 1997 2354 era

152 2382 339 2418 sostituito
367 2394 388 2418 a
415 2382 563 2419 Matteo
591 2382 651 2418 nel
678 2382 791 2419 titolo
819 2394 839 2418 e
867 2382 935 2418 che
964 2382 1126 2418 avrebbe
1154 2382 1280 2418 scritte
1308 2381 1343 2416 le
1370 2381 1509 2416 notizie
1537 2380 1605 2416 che
1632 2391 1755 2415 vanno
1783 2379 1842 2415 dal
1872 2378 1941 2418 781
1966 2380 1999 2415 al

157 2443 254 2482 1109
284 2456 305 2481 e
332 2444 452 2493 quelle
481 2445 574 2482 altre
603 2445 738 2492 poche,
766 2445 965 2493 posteriori
993 2443 1064 2481 alla
1090 2449 1211 2480 morte
1238 2443 1276 2479 di
1302 2443 1463 2488 Matte0,
1492 2441 1553 2478 del
1587 2441 1697 2488 1426,
1723 2441 1819 2477 1428
1840 2453 1861 2477 8
1886 2440 1996 2481 1472.

238 2572 249 2591 ¹
266 2574 350 2600 Man.
369 2575 440 2605 hist„
460 2572 504 2606 89,
525 2578 596 2600 12-u.
1188 2570 1201 2588 ⁷
1217 2571 1254 2597 V.
1272 2579 1299 2604 p.
1318 2570 1366 2596 VI.
1391 2570 1467 2596 Sulla
1485 2571 1576 2595 morte
1595 2570 1625 2595 di
1642 2569 1776 2595 Raffaella
1794 2569 1901 2595 Matteo
1919 2576 1995 2595 com-

237 2618 250 2637 ¹
267 2618 291 2643 11
303 2625 385 2652 passo
398 2616 413 2644 ὃ
426 2619 568 2652 r1portato
582 2620 614 2644 in
631 2620 702 2645 nota
714 2617 763 2652 piu
776 2626 817 2645 ιιι.
831 2618 866 2644 V.
879 2618 964 2643 Mem.
977 2618 1047 2649 hist..
1098 2624 1166 2649 pose
1184 2624 1242 2642 una
1259 2616 1359 2649 poeula
1376 2615 1427 2641 che
1445 2614 1654 2647 pubblichiamo
1673 2613 1790 2640 alti-ove.

149 2659 194 2692 58.
215 2665 260 2688 1-3.
1186 2659 1198 2677 ⁸
1216 2660 1335 2694 Leggilo
1352 2668 1369 2686 a
1386 2668 1433 2693 pp.
1455 2657 1497 2692 70,
1516 2657 1618 2691 36-71,
1638 2663 1670 2684 19.

238 2704 250 2723 ³
268 2707 352 2733 Mem.
370 2707 443 2739 hist„
465 2705 507 2740 74,
526 2710 574 2734 5-7.
634 2720 637 2723 <
1187 2704 1199 2721 ⁹
1216 2705 1335 2731 Intorno
1355 2712 1372 2730 3
1390 2706 1489 2737 questo
1509 2705 1581 2730 fatto
1600 2703 1805 2737 meraviglioso,
1823 2701 1883 2729 cosi
1908 2703 1996 2728 sci-ive

237 2749 248 2768 ⁴
266 2752 350 2778 Mem.
369 2752 438 2783 hist„
459 2749 503 2784 83,
524 2756 597 2778 18-23.
1100 2750 1120 2776 il
1137 2750 1276 2775 Muratori
1297 2747 1311 2762 ⁸
1321 2749 1455 2774 Liberum
1474 2749 1512 2773 sit
1529 2749 1695 2780 cuicumque
1708 2747 1741 2772 de
1753 2747 1806 2773 hoc
1815 2754 1879 2773 casu
1893 2748 1997 2773 sentire

237 2792 249 2811 ⁵
262 2794 367 2820 Iuoltre
378 2802 432 2821 son
444 2795 579 2821 riom-date
589 2796 614 2821 le
626 2795 795 2821 ambascerie
808 2796 879 2820 tutte
891 2794 922 2820 di
933 2794 1048 2823 Matte0,
1101 2792 1114 2806 ⁸
1126 2793 1200 2826 quod
1218 2792 1293 2823 velst,
1310 2799 1428 2824 eumque
1455 2793 1504 2816 aut
1530 2791 1631 2816 fabulIs
1658 2792 1708 2817 aut
1735 2791 1851 2816 vitiatae
1869 2790 1996 2815 homlnls

147 2838 174 2864 ln
190 2845 241 2864 sua
260 2839 331 2865 Crux
349 2839 538 2874 Gnffonmm,
557 2840 578 2865 11
595 2840 698 2873 glor-no
717 2840 749 2865 in
766 2839 812 2865 eui
830 2838 933 2871 prende
946 2837 1049 2871 moglie
1102 2836 1116 2851 ⁸
1127 2838 1290 2870 phantasiae
1308 2837 1440 2868 tribuere,
1459 2843 1627 2869 quamquam
1645 2835 1803 2861 Matthaeus
1821 2836 1866 2860 vlr
1890 2835 1996 2868 alioqui

149 2881 243 2915 (Hm.
262 2883 330 2915 hist„
345 2880 388 2915 78,
400 2883 488 2917 39-41),
501 2884 522 2909 11
535 2885 637 2917 giorno
656 2885 687 2909 ln
705 2884 752 2910 cul
769 2883 809 2916 gli
827 2890 908 2909 nasce
922 2883 942 2907 il
954 2883 1047 2915 primo
1102 2881 1116 2895 “
1126 2889 1185 2907 non
1203 2882 1319 2908 obtimae
1332 2881 1413 2913 38181,
1425 2888 1483 2906 non
1495 2880 1615 2906 ludentis
1632 2879 1668 2905 ad
1684 2881 1780 2911 instar,
1793 2879 1839 2905 sed
1851 2880 1924 2904 serIo
1938 2886 1996 2903 rem

147 2926 224 2962 figuo
243 2927 330 2961 (Men
348 2928 424 2960 hiat„
444 2926 488 2961 82,
507 2928 568 2962 ano),
586 2936 640 2955 ecc.
1101 2925 1114 2940 ‘¹
1125 2926 1268 2957 describat,
1286 2927 1314 2951 et
1330 2927 1423 2957 testes,
1445 2925 1561 2950 huiusce
1579 2924 1620 2949 rel
1638 2923 1744 2950 nobiles
1758 2925 1786 2949 et
1799 2923 1926 2949 oculatos
1937 2922 1996 2948 lau-

234 2970 247 2989 ⁶
266 2972 318 3006 Op.
337 2973 393 3005 cte„
411 2973 461 3007 1v,
481 2978 541 3008 295.
1101 2970 1115 2985 “
1126 2970 1174 2995 det
1185 2988 1208 3004 ,,.
1229 2970 1279 3002 Op.
1298 2970 1355 3000 cit„
1375 2976 1402 3001 p.
1422 2975 1476 3001 ¹04·
