2196 3424
51 1393 71 1409 c.
84 1392 141 1412 94η

14 1655 92 1678 Μυκη
108 1653 146 1675 1⁶5

239 187 284 224 54
775 183 856 221 MA
858 184 1055 220 TTIIAEI
1084 182 1153 218 DE
1184 180 1534 218 GRIFFONIBUS
1802 183 1884 222 1AA
1904 188 2082 223 1339-1340]

318 320 449 352 Eodem
472 327 574 356 anno,
599 317 642 349 de
664 325 780 347 mense
801 315 889 359 julii.
925 333 961 337 —
996 314 1171 346 Romaeus
1203 313 1246 344 de
1278 311 1426 354 Pepolis‚
1458 311 1549 343 filius
1582 311 1668 344 dicti
1692 312 1823 344 domini
1854 313 1998 352 Tadaei,
2022 314 2078 346 die

228 383 267 414 vJ
291 373 374 405 dicti
398 370 531 409 mensis,
555 375 708 401 mortuus
739 374 790 401 est
820 374 930 400 morte
962 366 1110 399 naturali
1133 372 1167 398 et
1191 365 1343 407 sepultus
1374 364 1419 396 ad
1452 365 1590 397 domum
1621 366 1766 397 fratrum
1797 366 2079 399 Praedicatorum

227 426 337 458 sancti
360 423 548 461 Dominici;
572 422 631 465 qui
647 428 721 454 erat
734 421 870 465 juvenis
892 420 1014 453 aetatis
1038 429 1101 460 XVJ
1123 428 1292 451 annorum
1309 423 1344 450 et
1368 417 1487 450 habuit
1510 417 1674 450 honorem
1698 418 1934 461 pulcerimum‚
1959 426 1996 452 ut
2021 421 2080 453 de-

227 476 328 509 cebat
353 475 460 507 filium
484 473 572 506 tanti
595 472 735 505 domini.

313 528 445 561 Eodem
469 536 570 565 anno,
589 526 631 558 de
648 534 763 557 mense
787 524 932 568 augusti.
959 543 999 547 —
1023 522 1190 555 Dominus
1206 522 1369 554 Tadaeus
1392 522 1435 554 de
1459 521 1606 564 Pepolis‚
1631 522 1789 554 dominus
1811 530 1937 563 noster,
1960 535 2080 567 passus
2126 524 2144 557 5

225 581 291 614 fuit
313 580 562 623 aliquantulum
585 584 620 610 et
643 578 782 621 quando
806 578 874 609 fuit
897 577 1104 614 melioratus,
1129 575 1191 607 ivit
1214 575 1260 607 ad
1283 575 1444 607 standum
1467 575 1513 607 ad
1537 574 1704 607 Sanctum
1728 575 1925 609 Proculum.

312 634 443 665 Eodem
466 641 557 664 anno
581 637 615 664 et
638 641 765 662 mense.
794 649 835 653 —
858 630 1039 663 Venerunt
1063 639 1154 660 nova
1177 628 1272 671 quod
1297 627 1456 660 dominus
1470 626 1568 672 Acco
1584 628 1789 661 Vicecomes
1804 629 1996 662 Mediolani
2010 636 2078 664 etc.

224 693 375 720 mortuus
405 691 479 718 erat
487 697 496 723 3
528 690 562 716 et
594 684 752 716 dominus
783 683 945 715 Tadaeus
975 682 1067 714 misit
1097 682 1181 713 illuc
1214 681 1301 713 duos
1331 681 1582 714 ambaxiatores
1606 682 1755 714 dolendo
1780 683 1823 714 de
1854 683 1928 726 ejus
1958 690 2078 722 morte,

223 740 384 773 videlicet
408 738 583 771 dominum
606 737 752 769 Paulum
777 737 820 768 de
843 735 1013 779 Liacariis
1036 740 1070 767 et
1093 745 1148 766 ser
1171 733 1341 777 Jacobum
1366 735 1410 767 de
1432 734 1622 766 Baldoinis.

311 793 442 825 Eodem
466 801 568 829 ann0‚
593 791 636 823 de
659 799 775 821 mense
798 787 1011 831 septembris.
1037 807 1078 810 —
1103 788 1284 820 Venerunt
1315 797 1405 819 nova
1428 787 1605 819 Bononiae
1632 788 1725 830 quod
1762 789 1832 821 dux
1854 789 2078 822 Venetiarum
2105 791 2144 823 10

219 852 372 879 mortuus
388 851 462 877 erat
477 850 511 877 et
527 849 605 886 post
621 854 688 885 per·
698 843 832 885 aliquos
849 842 921 874 dies
938 842 1054 874 factus
1071 841 1137 873 fuit
1153 851 1263 873 novus
1281 841 1351 873 dux
1367 841 1603 879 Venetiarum,
1627 842 1791 874 videlicet
1815 843 1972 875 dominus
1994 843 2078 875 Ber-

221 901 313 933 tulus
337 898 536 941 Gradanigo
561 897 604 929 de
627 895 793 929 Venetiis.
841 894 922 933 Qua
946 895 989 927 de
1013 905 1118 927 causa
1142 894 1301 926 dominus
1324 900 1452 932 noster,
1478 894 1635 927 dominus
1665 894 1827 927 Tadaeus
1855 896 1898 927 de
1929 896 2077 939 Pepolis,

221 953 312 985 misit
336 952 421 984 duos
444 949 694 983 ambaxiatores
717 947 875 981 Venetiis
898 948 944 980 ad
969 947 1101 980 dictum
1126 947 1302 979 dominum
1327 948 1451 979 ducem
1474 948 1521 979 ad
1545 948 1833 991 congaudendum
1858 949 1901 981 de
1925 959 1985 981 sua
2008 949 2077 982 ele-

222 1006 336 1039 ctione
359 1011 393 1037 et
415 1004 462 1036 ad
492 1003 710 1036 offerendum
741 1012 778 1034 se
809 1000 875 1033 sibi
906 1007 940 1033 et
975 1001 1294 1033 recomendandum
1317 1000 1383 1033 sibi
1416 1011 1452 1032 se
1480 1006 1515 1033 et
1545 1006 1653 1033 totam
1688 1001 1862 1034 civitatem
1886 1002 2075 1036 Bononiae.

221 1060 293 1098 Qui
315 1057 565 1091 ambaxiatores
588 1057 729 1088 fuerunt
751 1054 967 1097 infrascripti
991 1055 1070 1092 duo,
1102 1054 1281 1086 videlicet:
1315 1054 1473 1086 dominus
1502 1053 1602 1098 Acco
1634 1055 1677 1087 de
1705 1055 1919 1099 Ramenghis
1951 1055 2077 1088 doctor
2104 1054 2140 1088 15

221 1113 437 1145 decretorum
460 1115 495 1142 et
519 1109 678 1142 dominus
701 1108 819 1141 Minus
843 1108 887 1140 de
911 1107 1113 1140 Garisendis
1133 1107 1361 1150 jurisperitus.

306 1165 438 1197 Eodem
460 1172 563 1201 anno,
596 1162 652 1195 die
682 1161 836 1194 secundo
860 1161 1064 1193 novembris.
1098 1179 1138 1183 -—
1170 1161 1337 1193 Dominus
1367 1161 1530 1194 Tadaeus
1561 1162 1604 1193 de
1635 1161 1783 1204 Pepolis,
1817 1162 1975 1194 dominus
2006 1162 2076 1195 Bo-

218 1219 352 1257 noniae,
375 1217 468 1250 misit
491 1217 578 1249 duos
600 1214 852 1247 ambaxiatores
874 1214 1032 1247 Venetiis
1055 1219 1090 1246 et
1117 1223 1217 1246 nemo
1240 1214 1352 1256 potuit
1376 1214 1464 1246 scire
1489 1225 1626 1247 causam
1650 1225 1731 1246 suae
1754 1215 1920 1252 andatae3
1943 1221 1979 1247 et
2001 1225 2075 1247 am-

217 1272 411 1305 baxiatores
444 1271 584 1302 fuerunt
607 1268 664 1301 isti
688 1269 768 1307 duo,
791 1268 972 1301 videlicet:
999 1267 1157 1300 dominus
1180 1267 1363 1300 Lianorius
1387 1268 1430 1300 de
1454 1267 1670 1300 Griffonibus
1697 1268 1821 1300 doctor
1850 1274 1884 1300 et
1916 1268 2075 1301 dominus

216 1325 338 1357 Petrus
361 1325 405 1356 de
429 1322 622 1356 Ghisileriis
643 1322 760 1366 judex.
1991 1331 1997 1337 ·
2097 1323 2140 1354 20

304 1376 523 1410 MUCCCXL
548 1376 683 1408 Eodem
705 1385 809 1408 anno.
833 1394 875 1398 —
898 1374 1066 1407 Dominus
1088 1375 1217 1418 Nigrus
1241 1375 1284 1407 de
1307 1374 1462 1407 Brusatis
1489 1375 1532 1407 de
1555 1374 1672 1407 Brixia
1695 1380 1847 1417 potestas
1869 1374 2012 1408 intravit
2035 1375 2072 1407 in

216 1431 327 1464 officio
351 1431 407 1463 die
430 1430 541 1472 primo
562 1428 712 1473 januarii
737 1429 796 1471 qui
818 1433 900 1460 ante
922 1434 996 1460 erat
1021 1428 1064 1460 de
1088 1428 1184 1460 curia
1208 1428 1338 1460 domini
1362 1428 1494 1460 Tadaei
1520 1428 1563 1460 de
1586 1428 1734 1470 Pepolis.

304 1484 436 1517 Eodem
459 1489 614 1526 tempore
636 1487 671 1514 et
694 1491 810 1514 mense
833 1482 1025 1524 praedicto.
1051 1500 1092 1504 ——
1115 1481 1292 1524 Johannes
1315 1482 1358 1514 de
1381 1481 1530 1523 Pepolis,
1562 1481 1651 1513 filius
1682 1481 1812 1513 domini
1843 1480 1988 1521 Tadaei,
2010 1481 2073 1514 ivit

214 1538 347 1571 duabus
369 1536 502 1570 vicibus
524 1536 560 1568 in
582 1536 704 1578 paucis
728 1534 848 1568 diebus
872 1535 1066 1567 Ferrariam
1089 1541 1123 1567 et
1148 1535 1217 1567 cito
1240 1535 1307 1567 fuit
1331 1545 1495 1573 reversus,
1519 1544 1584 1566 nec
1601 1535 1713 1576 potuit
1735 1534 1817 1567 sciri
1839 1545 1903 1577 per
1924 1534 2072 1578 aliquem

217 1592 260 1624 de
284 1602 386 1624 causa
408 1590 461 1623 sui
483 1599 661 1627 accessus;
685 1594 800 1621 tamen
823 1598 942 1620 omnes
965 1589 1188 1621 crediderunt
1212 1589 1306 1631 quod
1329 1588 1395 1620 fuit
1417 1598 1482 1630 pro
1505 1587 1610 1620 factis
1632 1587 1880 1620 marchionum.
2095 1587 2136 1620 25

309 1644 441 1676 Eodem
464 1653 567 1682 anno,
592 1643 636 1675 de
658 1652 775 1674 mense
797 1642 922 1674 martii.
947 1660 989 1664 ——
1013 1642 1192 1674 Venerunt
1223 1651 1313 1674 nova
1337 1642 1431 1684 quod
1454 1641 1692 1673 Mercenarius
1716 1641 1759 1673 de
1776 1642 1892 1673 Firmo
1915 1641 2073 1674 'interfe-

217 1703 293 1731 ctus
315 1698 383 1730 fuit
405 1708 426 1729 a
449 1696 653 1740 quibusdam
676 1695 746 1728 suis
768 1695 916 1728 inimicis
939 1701 974 1728 et
996 1701 1140 1737 propter
1161 1695 1237 1739 ejus
1259 1700 1403 1727 mortem
1428 1695 1586 1727 dominus
1609 1694 1765 1726 marchio
1788 1695 1980 1733 Marchiae,
2012 1694 2072 1738 qui

215 1756 288 1783 erat
310 1750 358 1783 ibi
380 1760 444 1793 pro
467 1749 638 1787 Ecclesia,
661 1748 800 1791 accepit
822 1748 956 1791 aliquas
980 1748 1138 1781 civitates
1160 1754 1195 1781 et
1219 1753 1332 1780 castra
1355 1753 1390 1780 et
1413 1748 1516 1780 etiam
1539 1747 1728 1790 incipiebat
1751 1747 1786 1779 in
1810 1747 1886 1780 aliis
1915 1747 2072 1789 partibus

216 1804 314 1846 [esse]
337 1813 481 1848 magnus
505 1802 673 1836 dominus.
771 1811 798 1840 χ

303 1858 436 1890 Eodem
459 1866 562 1896 anno,
587 1856 630 1888 de
653 1865 769 1888 mense
792 1855 923 1898 aprilis.
949 1874 990 1878 —-
1014 1856 1159 1888 Factum
1182 1855 1250 1888 fuit
1274 1855 1467 1894 consilium,
1492 1855 1529 1886 in
1554 1864 1623 1898 quo
1650 1855 1740 1886 lecta
1771 1854 1839 1886 fuit
1870 1853 1971 1886 litera
2003 1853 2065 1886 do-
2090 1854 2134 1885 30

215 1910 301 1943 mini
324 1921 446 1953 papae,
471 1910 645 1953 quomodo
676 1910 751 1951 ipse
782 1908 921 1941 volebat
951 1909 1045 1952 quod
1076 1919 1223 1941 comune
1245 1909 1424 1941 Bononiae
1447 1914 1561 1950 posset
1592 1909 1710 1940 facere
1740 1907 1924 1939 consilium
1947 1907 2068 1949 populi

213 1970 248 1996 et
271 1964 480 1996 constituere
503 1963 666 2007 syndicos
690 1963 736 1995 ad
759 1963 954 1995 satiendam
979 1963 1203 1994 concordiam
1235 1962 1327 1994 inter
1358 1961 1535 1994 dominum
1566 1971 1692 2003 papam
1724 1966 1758 1992 et
1791 1960 1969 1992 dominum
1997 1959 2070 1991 Ta-

216 2017 338 2050 daeum
362 2018 406 2050 de
427 2017 585 2059 Pepolis;
602 2021 637 2048 et
652 2016 703 2048 sic
719 2016 807 2048 facti
824 2016 965 2048 fuerunt
981 2015 1131 2059 syndici,
1147 2015 1330 2048 videlicet:
1356 2015 1516 2047 dominus
1539 2014 1661 2046 Petrus
1678 2014 1721 2046 de
1737 2013 1932 2056 Bompetris
1955 2013 2069 2057 legum

215 2071 338 2103 doctor
359 2076 393 2103 et
416 2070 581 2114 magister
602 2069 724 2102 Thura
749 2069 872 2102 doctor
895 2069 1101 2102 medicinae.

300 2124 433 2157 Eodem
456 2133 559 2162 anno,
584 2123 642 2155 die
664 2122 778 2165 primo
801 2123 948 2166 augusti.
973 2141 1014 2146 —-
1038 2123 1207 2155 Dominus
1229 2122 1471 2160 Beltraminus‚
1488 2122 1672 2164 episcopus
1695 2121 1879 2159 Cumanus,
1902 2129 2068 2162 procura-
2091 2117 2133 2150 35
2175 2144 2178 2148 ,

215 2182 270 2210 tor
293 2177 425 2210 domini
448 2187 570 2220 papae,
603 2177 647 2209 de
678 2176 855 2208 voluntate
888 2176 1021 2209 domini
1052 2176 1187 2209 Tadaei
1219 2177 1263 2208 de
1293 2176 1441 2218 Pepolis,
1473 2175 1561 2207 fecit
1591 2173 1834 2218 praeconicari
1862 2178 1897 2205 et
1927 2172 2067 2205 bandiri

215 2230 396 2263 consilium
419 2229 550 2272 populi,
575 2229 612 2261 in
636 2239 705 2272 quo
728 2239 847 2261 omnes
869 2229 989 2262 venire
1012 2234 1168 2271 possent;
1185 2234 1220 2261 et
1234 2229 1272 2260 in
1295 2229 1372 2271 ipso
1395 2228 1542 2261 consilio
1558 2228 1633 2270 ipse
1649 2227 1842 2269 publicavit
1858 2231 1892 2258 et
1908 2225 2068 2268 exposuit

215 2283 439 2315 concordiam
461 2288 496 2315 et
519 2282 636 2314 omnia
659 2287 763 2324 pacta
794 2283 890 2314 facta
921 2282 1013 2314 inter
1036 2282 1213 2314 dominum
1244 2292 1370 2324 papam
1402 2287 1437 2313 et
1469 2281 1647 2314 dominum
1671 2281 1868 2312 Tadaeum:
1894 2278 2068 2322 quomodo

214 2336 373 2369 dominus
395 2336 566 2375 Tadaeus,
592 2336 635 2368 de
659 2336 836 2368 voluntate
860 2335 993 2367 domini
1017 2346 1138 2378 papae,
1163 2335 1363 2367 remanebat
1387 2335 1547 2367 dominus
1577 2339 1613 2366 et
1643 2333 1796 2366 vicarius
1820 2331 1984 2370 civitatis,
2009 2341 2067 2363 co-

214 2389 353 2422 mitatus
376 2395 410 2422 et
434 2389 612 2422 districtus
633 2388 812 2421 Bononiae
835 2398 899 2431 pro
923 2389 1065 2421 domino
1088 2399 1180 2431 papa
1203 2394 1237 2421 et
1253 2394 1372 2421 sancta
1387 2398 1530 2420 romana
1546 2387 1716 2420 Ecclesia.
1755 2387 1801 2419 Et
1817 2386 1854 2417 in
1872 2385 1967 2418 dicto
1983 2394 2066 2417 con·
2090 2385 2133 2416 40

214 2443 292 2475 silio
315 2442 402 2474 facti
425 2444 566 2476 fuerunt
590 2443 659 2475 duo
682 2441 811 2474 sindici
835 2442 992 2474 comunis
1014 2441 1191 2474 Bononiae
1222 2442 1268 2474 ad
1301 2442 1453 2474 dandum
1477 2441 1725 2483 possessionem
1758 2439 1912 2471 civitatis
1942 2443 1977 2470 et
2008 2447 2067 2470 co-

213 2496 352 2528 mitatus
374 2496 552 2528 Bononiae
577 2496 672 2528 dicto
696 2495 837 2528 domino
861 2495 1025 2538 episcopo
1049 2505 1113 2537 pro
1137 2495 1279 2527 domino
1302 2500 1420 2527 nostro
1444 2505 1544 2537 papa.
1567 2518 1572 2523 .
1591 2494 1637 2526 Et
1653 2493 1825 2536 praedicti
1843 2492 1912 2524 duo
1935 2490 2066 2523 sindici

212 2550 352 2581 fuerunt
374 2549 547 2593 Ugolinus
571 2549 614 2581 de
636 2549 848 2591 Bonacaptis
870 2554 905 2581 et
929 2548 1096 2581 Nicolaus
1119 2549 1162 2580 de
1187 2548 1350 2587 Salicem,
1367 2548 1458 2580 filius
1473 2548 1555 2579 olim
1578 2547 1756 2579 Brandani
1774 2547 1817 2579 de
1842 2545 2008 2583 Salicet03
2031 2549 2067 2576 et

213 2602 352 2634 fuerunt
377 2602 477 2634 datae
500 2601 567 2634 sibi
591 2602 705 2634 claves
728 2607 905 2644 portarum
929 2601 1084 2634 civitatis
1106 2601 1295 2640 Bononiae,
1319 2611 1397 2633 cum
1422 2600 1547 2644 quibus
1571 2600 1685 2633 dictus
1707 2599 1890 2641 episcopus
1912 2597 2066 2639 apperiri

211 2660 246 2687 et
269 2655 384 2687 claudi
408 2654 555 2687 satiebat
578 2655 772 2693 civitatem3
789 2659 823 2687 et
838 2655 943 2687 etiam
967 2655 1042 2697 ipse
1064 2654 1214 2686 extraxit
1236 2654 1361 2686 multos
1385 2655 1429 2686 de
1452 2653 1660 2692 carceribus,
1685 2652 1745 2696 qui
1769 2651 1942 2684 debebant
1964 2650 2063 2688 mori,
2088 2649 2129 2682 45

212 2708 249 2739 in
272 2707 408 2751 signum
431 2718 533 2740 verae
555 2708 790 2751 possessionis.
835 2707 880 2740 Et
903 2707 1065 2740 similiter
1087 2708 1152 2740 ivit
1175 2717 1254 2740 cum
1278 2707 1383 2740 dictis
1405 2707 1562 2750 syndicis
1585 2707 1622 2738 in
1647 2705 1812 2738 comitatu
1828 2705 1874 2736 ad
1898 2703 2063 2736 Sanctum

211 2760 414 2803 Johannem‚
438 2761 596 2794 Castrum
613 2762 786 2794 Francum
801 2766 835 2793 et
850 2761 958 2794 multa
973 2761 1043 2793 alia
1059 2767 1172 2793 castra
1186 2766 1221 2793 et
1236 2766 1356 2803 postea
1371 2771 1526 2793 reversus
1542 2765 1593 2792 est
1609 2758 1811 2791 Bononiam.
1857 2757 1903 2789 Et
1919 2757 1976 2789 die
2001 2766 2064 2798 xxJ

212 2813 299 2846 dicti
322 2814 448 2846 mensis
469 2814 616 2858 augusti,
641 2814 755 2847 dictus
777 2814 961 2857 episcopus
983 2814 1133 2846 existens
1156 2814 1193 2846 in
1218 2813 1348 2847 Sancto
1371 2813 1474 2846 Petro
1498 2812 1724 2856 reintegravit
1740 2811 1917 2844 civitatem
1948 2810 2063 2842 Bono-

297 2949 332 2974 28
350 2948 468 2983 accepit]
486 2958 567 2983 segue
586 2951 687 2976 multas
706 2951 848 2989 cancellato
868 2963 901 2968 -
921 2957 955 2983 29
975 2949 1045 2983 esse]
1066 2957 1116 2976 non
1136 2949 1150 2974 ὲ
1169 2951 1214 2975 nel
1231 2950 1285 2975 cod.
