2196 3424
124 172 207 209 [ΑΛ.
227 174 406 208 13354336]
707 167 1031 203 MEMORIALE
1058 165 1381 203 HISTORICUM
1907 158 1953 201 47

205 300 337 333 Eodem
361 310 451 333 anno
474 305 509 333 et
530 310 656 340 mense,
681 301 775 333 circa
797 300 908 333 finem.
934 318 975 323 -—
999 300 1079 333 Fuit
1101 300 1169 332 alia
1186 299 1357 332 discordia
1386 298 1475 331 inter
1506 297 1681 330 dominum
1712 293 1960 329 Brandelisium

118 354 161 386 de
185 353 370 386 Gozadinis
392 359 427 386 et
451 354 626 386 dominum
649 354 829 386 Tadaeum
852 354 896 386 de
918 353 1066 396 Pepolis,
1090 353 1170 396 quia
1200 352 1338 395 publice
1365 351 1556 389 dicebatur,
1588 350 1682 393 quod
1711 353 1830 393 gentes
1854 347 1961 380 domi-

115 416 236 439 norum
261 406 304 438 de
327 407 361 439 la
385 406 487 439 Scala
509 407 681 440 debebant
703 408 855 450 equitare
878 417 981 449 super
1003 406 1165 439 comitatu
1187 405 1362 438 Bononiae
1386 410 1420 437 et
1440 405 1533 447 quod
1550 403 1707 436 dominus
1722 399 1960 434 Brandelixius

112 458 264 492 volebat'
289 459 371 491 dare
395 459 569 492 civitatem
592 460 768 493 Bononiae
792 460 895 492 dictis
918 459 1066 492 dominis
1090 460 1134 491 de
1157 459 1191 490 la
1216 458 1329 490 Scala.
1376 457 1447 490 Sed
1478 456 1634 489 dominus
1664 455 1827 487 Tadaeus
1857 452 1957 485 valde

69 511 87 544 5
113 511 282 554 sapienter
305 512 389 544 fecit
411 518 446 545 et
467 513 529 545 ivit
553 514 598 545 ad
623 514 839 546 coenandum
863 523 942 545 cum
967 512 1105 545 domino
1136 510 1358 543 Brandelixio
1381 516 1416 542 et
1438 510 1534 542 facta
1561 509 1627 541 fuit
1651 506 1839 540 concordia
1869 506 1959 538 inter

111 565 218 607 ipsos;
235 569 269 597 et
289 565 317 597 si
341 565 471 608 aliquid
493 566 622 599 latebat
645 567 690 598 de
712 566 802 598 malo
827 571 948 598 contra
971 565 1155 603 civitatem,
1179 563 1336 596 dominus
1358 562 1519 594 Tadaeus
1542 561 1681 594 abstulit
1703 570 1802 592 omne
1832 559 1957 591 malum

112 628 190 650 cum
212 618 341 660 pulcris
364 619 484 657 modis,
508 619 674 652 salvando
697 630 832 662 semper
853 619 1018 651 honorem
1042 623 1078 650 et
1100 618 1228 649 famam
1252 615 1381 648 domini
1403 614 1629 647 Brandelixii.

199 671 332 703 Eodem
355 681 458 711 anno,
482 672 526 704 de
549 681 665 705 mense
688 672 901 715 septembris.
930 690 971 694 —
993 670 1161 703 Dominus
1183 669 1359 712 Johannes
1383 667 1428 700 de
1452 667 1486 699 la
1509 667 1604 699 Tosa
1626 667 1670 699 de
1693 666 1870 699 Florentia
1892 665 1958 697 fuit

112 723 313 766 capitaneus
335 725 455 767 populi
478 725 665 758 Bononiae.

49 776 89 808 10
199 777 332 809 Eodem
356 788 458 818 anno,
482 779 526 811 de
548 789 664 812 mense
687 779 849 812 octobris.
875 798 916 802 —
940 778 1019 812 Fuit
1041 787 1158 810 rumor
1181 785 1326 819 magnus
1348 773 1523 806 Bononiae
1538 773 1629 805 inter
1650 772 1825 806 dominum
1848 772 1958 804 Bran-

111 829 271 862 delixium
296 830 340 862 de
363 831 548 864 Gozadinis
570 837 604 864 et
626 832 810 865 Tuniolum
834 833 878 865 de
899 831 1072 875 Loglano;
1090 830 1154 862 sed
1169 828 1367 871 operatione
1391 826 1519 859 domini
1536 825 1667 858 Tadaei
1684 825 1727 858 de
1742 825 1879 867 Pepolis
1894 824 1959 856 fuit

110 883 205 915 facta
228 883 415 916 concordia
436 884 662 917 incontinenti
684 885 773 917 inter
796 895 864 918 eos.

198 936 333 968 Eodem
357 947 458 976 anno,
483 937 526 970 de
549 948 666 970 mense
690 938 897 971 novembris.
923 956 964 961 —-
987 937 1141 969 Fuerunt
1162 934 1249 968 facti
1272 938 1417 977 quatuor
1439 932 1598 970 bariselli‚
1623 931 1757 964 scilicet
1787 941 1874 963 unus
1895 940 1959 973 pro

109 988 266 1031 quolibet
288 990 472 1032 quarterio,
494 1000 641 1034 quorum
665 991 804 1023 nomina
828 995 907 1023 sunt
929 990 1029 1030 haec,
1052 988 1231 1022 videlicet:

42 1038 80 1072 15
634 1044 788 1077 Thomas
809 1043 942 1087 Judicis
970 1066 1144 1076 ......
1210 1039 1350 1073 Proculi

637 1095 820 1129 Charlinus
843 1097 887 1129 de
910 1095 1112 1129 Ghisileriis.
1137 1118 1146 1128 .
1212 1092 1316 1126 Sterii

634 1149 749 1182 Zanus
772 1149 816 1182 de
838 1148 1052 1192 Ramenghis
1069 1172 1077 1180 .
1103 1171 1112 1181 .
1136 1171 1145 1180 .
1211 1145 1427 1179 Ravennatis

633 1202 813 1235 Vandolus
835 1202 879 1234 de
901 1201 1080 1234 Vandolis.
1105 1224 1114 1234 .
1138 1224 1147 1233 .
1211 1200 1305 1233 Petri

208 1254 342 1287 Eodem
366 1265 456 1287 anno
480 1260 515 1287 et
538 1265 666 1288 mense.
690 1274 731 1279 —
748 1256 828 1288 Fuit
844 1256 957 1288 factus
979 1265 1088 1287 novus
1110 1253 1315 1296 praeconsul
1339 1250 1513 1285 societatis
1536 1249 1756 1282 Notariorum
1781 1248 1899 1281 Valles
1914 1249 1958 1281 de

43 1308 85 1339 20
110 1307 295 1340 Gozadinis
318 1308 469 1340 notarius
491 1318 553 1350 pro
576 1318 638 1340 sex
660 1308 834 1341 mensibus
856 1307 1037 1340 incoandis
1059 1307 1096 1339 in
1118 1306 1291 1339 kallendis
1313 1305 1439 1338 mensis
1461 1303 1573 1337 martii
1595 1302 1749 1345 proxime
1764 1302 1910 1335 venturi·

195 1359 510 1393 M.CCCXXXV1.
534 1379 576 1384 --
599 1361 766 1394 Dominus
789 1361 964 1404 Johannes
981 1361 1024 1393 de
1048 1360 1082 1392 la
1103 1359 1197 1392 Tosa
1220 1359 1420 1401 capitaneus
1444 1357 1573 1400 populi.

197 1413 333 1446 Eodem
356 1423 459 1452 anno,
483 1414 539 1446 die
563 1414 673 1456 primo
694 1413 852 1457 januarii.
879 1432 921 1436 —
944 1413 1114 1445 Dominus
1129 1412 1291 1445 Tadaeus
1322 1412 1367 1444 de
1390 1411 1541 1453 Pepolis,
1564 1409 1774 1453 Macarellus
1798 1409 1841 1441 de
1865 1408 1958 1441 Chu-

110 1475 208 1510 cano,
222 1465 380 1498 dominus
395 1466 638 1499 Brandelixius
649 1467 692 1500 de
706 1466 904 1510 Gocadinis‚
922 1466 1105 1498 Mathaeus
1128 1466 1173 1498 de
1196 1465 1305 1504 Ursis,
1317 1463 1513 1497 Dinarellus
1526 1463 1569 1496 de
1582 1462 1782 1500 Ghisileriis‚
1801 1461 1959 1494 dominus

107 1519 252 1551 Ferinus
276 1519 319 1551 de
344 1519 497 1552 Galuciis
519 1520 612 1552 missi
634 1521 776 1552 fuerunt
798 1519 995 1552 Ferrariam
1019 1518 1064 1551 ad
1080 1518 1321 1551 honorandum
1337 1527 1463 1560 corpus
1479 1516 1609 1549 domini
1631 1515 1839 1548 marchionis
1863 1515 1960 1559 Ray-

43 1570 83 1603 25
108 1571 203 1604 naldi
226 1572 270 1604 de
295 1572 451 1604 Ferraria
473 1573 608 1606 noviter
630 1572 799 1605 defuncti.

196 1625 330 1657 Eodem
353 1635 443 1657 anno
467 1631 501 1658 et
523 1636 650 1658 mense.
675 1627 716 1649 '—
741 1625 893 1664 Quidam
925 1624 1031 1658 sotius
1062 1624 1217 1657 Mathaei
1250 1625 1293 1657 de
1316 1624 1416 1657 Ursis
1439 1629 1581 1656 vocatus
1611 1621 1823 1666 Aug-ustinus
1852 1621 1958 1654 inter-

107 1677 195 1710 fecit
217 1678 398 1720 quemdam
422 1688 633 1720 campsorem
658 1679 702 1711 de
724 1677 929 1711 Blanchittis
953 1678 997 1710 de
1021 1678 1188 1716 Bononia,
1213 1677 1272 1720 qui
1294 1677 1368 1710 ibat
1390 1677 1426 1709 in
1450 1687 1549 1709 mane
1574 1686 1652 1709 cum
1674 1675 1777 1708 bursa
1792 1674 1837 1707 ad
1859 1674 1958 1707 tabu-

106 1731 175 1762 lam
197 1741 292 1763 suam
315 1731 450 1769 cambii,
468 1737 502 1764 et
517 1730 653 1763 robavit
674 1731 740 1764 sibi
763 1731 900 1764 bursam
926 1741 1005 1763 cum
1028 1730 1194 1773 pecuniis.
1242 1730 1314 1763 Sed
1332 1730 1453 1763 eodem
1470 1730 1526 1762 die
1542 1734 1663 1771 captus
1679 1728 1745 1760 fuit
1770 1728 1883 1759 dictus
1906 1727 1956 1759 la-

107 1789 225 1816 tronus
248 1788 283 1816 et
305 1784 400 1816 illico
423 1784 490 1816 fuit
513 1793 695 1825 suspensus
715 1783 812 1827 juxta
834 1783 1020 1816 ecclesiam
1043 1783 1154 1816 sancti
1171 1782 1308 1822 Donati,
1324 1783 1384 1816 ubi
1399 1783 1472 1825 ipse
1491 1781 1708 1815 commiserat
1723 1780 1956 1813 homicidium.

41 1837 84 1868 30
196 1835 328 1869 Eodem
350 1845 452 1876 anno,
477 1837 521 1869 de
538 1846 655 1869 mense
670 1836 846 1869 februarii.
870 1855 911 1859 —
935 1836 1115 1869 Venerunt
1129 1839 1185 1877 11J⁸
1206 1837 1339 1879 equites
1364 1836 1407 1868 de
1431 1835 1569 1868 civitate
1584 1834 1739 1867 Mutinae
1755 1831 1872 1875 super'
1898 1842 1956 1865 co-

113 1889 234 1922 mitatu
255 1889 431 1922 Bononiae
456 1895 490 1922 et
514 1895 681 1932 ceperunt
703 1890 827 1922 multas
848 1889 975 1922 bestias
1005 1895 1039 1922 et
1070 1889 1319 1922 interfecerunt
1341 1889 1473 1931 aliquos
1498 1888 1542 1920 de
1565 1886 1808 1920 Bocadeferris
1834 1891 1869 1918 et
1895 1885 1957 1918 ali-

107 1952 194 1985 quos
217 1948 386 1984 ceperunt
408 1948 443 1978 et
464 1948 594 1985 postea,
619 1943 675 1975 die
699 1943 863 1986 sequenti,
888 1947 1102 1975 recesserunt
1125 1943 1169 1975 de
1193 1943 1287 1975 dicto
1311 1942 1474 1974 comitatu
1496 1941 1681 1973 Bononiae.

195 1995 330 2028 Eodem
352 2005 453 2034 anno,
477 1995 534 2027 die
556 2005 649 2036 xan
672 1995 848 2029 februarii.
874 2014 915 2018 —
931 1995 1098 2028 Dominus
1120 1995 1280 2028 Tadaeus
1303 1995 1347 2027 de
1370 1994 1520 2036 Pepolis,
1545 1994 1701 2026 dominus
1724 1991 1956 2025 Brandelisius

109 2048 153 2080 de
179 2047 374 2086 Gozadinis‚
399 2048 556 2080 dominus
578 2048 725 2080 Bornius
749 2049 794 2080 de
818 2048 1043 2081 Samaritanis
1067 2054 1101 2080 et
1117 2048 1314 2081 Dinarellus
1331 2048 1374 2080 de
1390 2047 1582 2080 Ghisileriis
1604 2047 1741 2078 iverunt
1757 2045 1855 2078 simul
1873 2046 1957 2077 Fer-

42 2099 83 2132 35
108 2101 234 2133 rariam
257 2101 304 2133 ad
325 2101 575 2143 parlamentum
599 2106 634 2133 et
657 2101 728 2134 cito
751 2102 940 2134 redierunt.
988 2100 1070 2139 Qua
1092 2107 1204 2134 autem
1229 2102 1273 2133 de
1298 2111 1401 2134 causa
1423 2100 1490 2132 hoc
1513 2099 1628 2138 fuerit,
1645 2108 1714 2131 non
1729 2098 1841 2140 potuit
1857 2097 1955 2135 sciri3

107 2154 170 2186 sed
192 2163 311 2186 omnes
333 2154 497 2196 suspicati
519 2154 662 2186 fuerunt
685 2154 780 2197 quod
801 2154 867 2197 ipsi
890 2154 1032 2187 ivissent
1047 2164 1111 2197 pro
1133 2154 1236 2192 bono,
1260 2165 1362 2186 causa
1384 2153 1537 2186 habendi
1568 2152 1763 2195 coloquium
1788 2161 1866 2183 cum
1889 2150 1956 2182 illis

108 2207 151 2246 de
173 2206 208 2238 la
232 2206 344 2244 Scala,
368 2206 414 2238 ad
437 2206 646 2239 obviandum
670 2217 713 2238 ne
736 2207 894 2240 venirent
917 2213 1040 2240 contra
1063 2207 1265 2245 Bononiam,
1290 2207 1370 2250 quia
1392 2205 1532 2248 publice
1557 2204 1737 2237 dicebatur
1767 2203 1860 2247 quod
1889 2203 1955 2246 ipsi

108 2259 152 2291 de
175 2260 210 2291 la
234 2259 337 2292 Scala
358 2259 521 2292 volebant
542 2268 674 2301 ponere
697 2260 887 2292 exercitum
911 2266 1031 2293 contra
1056 2260 1230 2293 civitatem
1254 2260 1441 2292 Bononiae.

195 2312 329 2344 Eodem
358 2321 459 2350 anno,
490 2312 547 2344 die
576 2321 670 2353 xqu
701 2312 879 2345 februarii.
913 2331 954 2337 —
985 2312 1272 2357 Praeconicatum
1304 2313 1372 2344 fuit
1400 2313 1470 2345 alta
1500 2322 1586 2344 voce
1617 2322 1720 2354 super
1750 2310 1954 2355 arengheria

43 2365 85 2396 40
108 2365 263 2397 comunis
284 2364 461 2397 Bononiae
484 2365 577 2407 quod
600 2375 719 2397 omnes
743 2366 786 2398 de
811 2366 913 2398 domo
938 2366 981 2398 de
1003 2365 1278 2409 Zovenconibus,
1302 2376 1323 2397 a
1346 2375 1402 2406 vrj
1424 2365 1523 2397 annis
1547 2375 1650 2406 supra
1672 2374 1779 2407 usque
1801 2364 1848 2396 ad
1867 2373 1953 2401 Lxx,

107 2417 276 2450 deberent
307 2427 507 2459 comparere
538 2428 656 2450 coram
690 2423 870 2460 potestate,
905 2419 989 2450 alias
1025 2419 1301 2462 intelligerentur
1338 2417 1472 2450 banniti
1506 2417 1660 2450 comunis
1694 2416 1884 2454 Bononiae3
1921 2421 1956 2448 et

107 2470 237 2502 dictum
261 2470 327 2502 fuit
358 2470 452 2513 quod
482 2471 622 2502 fuerunt
645 2480 730 2512 me
751 2471 803 2503 illi
827 2472 886 2514 qui
913 2472 1054 2503 fuerunt
1077 2471 1211 2504 banniti
1240 2471 1283 2503 de
1306 2469 1576 2514 Zovenconibus.
1623 2470 1669 2502 Et
1692 2470 1758 2501 hoc
1782 2469 1849 2501 fuit
1873 2468 1955 2511 quia

106 2522 218 2555 Ninus
249 2523 292 2554 de
322 2522 583 2566 Zovenconibus
606 2523 764 2567 litigabat
787 2534 865 2556 cum
895 2534 965 2556 uno
988 2524 1367 2566 amicopraeconsulis,
1396 2524 1528 2556 scilicet
1551 2523 1660 2556 Vallis
1693 2523 1735 2554 de
1767 2522 1955 2565 Gocadinis

105 2576 340 2617 praeconsulis
356 2575 587 2614 Notariorum,
611 2582 644 2608 et
663 2577 774 2609 dictus
790 2577 908 2609 Valles
928 2576 1070 2620 juvabat
1093 2577 1188 2609 illum
1211 2583 1245 2609 et
1270 2576 1426 2609 Calorius
1451 2577 1494 2608 de
1518 2576 1706 2618 Gocadinis
1729 2581 1825 2607 erata
1849 2575 1955 2606 micus

0 2644 5 2651 ι
42 2627 82 2660 45
106 2628 198 2660 illius
221 2629 264 2661 de
287 2628 549 2671 Zovenconibus
571 2634 606 2661 et
628 2634 701 2661 toto
724 2639 823 2671 posse
846 2629 1032 2672 adjuvabat
1063 2630 1184 2672 ipsum.
1231 2629 1312 2667 Qua
1343 2630 1387 2662 de
1418 2640 1521 2661 causa
1551 2628 1668 2661 Valles
1700 2628 1743 2660 de
1767 2628 1956 2660 Gozadinis

106 2681 263 2723 pervenit
285 2681 331 2713 ad
354 2681 459 2714 verba
483 2691 560 2713 cum
583 2681 722 2714 Calorio
746 2682 790 2714 de
813 2682 1000 2715 Gozadinis
1022 2688 1056 2715 et
1080 2683 1192 2715 dictus
1217 2682 1373 2715 Calorius
1397 2682 1493 2715 dedit
1517 2682 1560 2714 de
1583 2680 1740 2713 manibus
1755 2681 1791 2713 in
1814 2686 1958 2723 pectore

108 2733 220 2766 Vallis
242 2734 487 2776 praeconsulis.
527 2734 573 2766 Et
596 2730 641 2767 o'b
668 2735 706 2767 id
728 2735 944 2777 praeconsul,
968 2745 1037 2768 non
1060 2742 1182 2778 potens
1204 2735 1324 2767 ulcisci
1348 2740 1469 2767 contra
1491 2734 1676 2772 Calorium,
1700 2733 1891 2766 vindicavit
1920 2744 1956 2766 se

106 2786 167 2818 illo
188 2786 308 2824 modo;
331 2793 367 2819 et
389 2787 527 2819 vocavit
550 2787 636 2819 alios
658 2788 901 2830 praeconsules
922 2794 957 2820 et
980 2789 1154 2821 ordinavit
1176 2788 1270 2831 quod
1293 2798 1410 2820 omnes
1437 2788 1480 2820 de
1507 2787 1780 2830 Zovenconibus,
1812 2787 1872 2830 qui
1902 2797 1956 2819 re-

0 2875 3 2881 .
106 2844 302 2871 manserant
321 2839 358 2871 in
380 2839 547 2878 Bononia,
572 2839 737 2873 deberent
760 2850 878 2873 omnes
901 2841 1027 2883 expelli
1050 2846 1147 2873 extra
1170 2841 1344 2873 civitatem
1367 2841 1554 2873 Bononiae.

0 2895 2 2920 !
43 2889 85 2923 50
195 2891 326 2925 Eodem
348 2901 450 2931 anno,
474 2892 518 2925 de
540 2902 655 2925 mense
678 2893 802 2926 martii.
827 2912 869 2917 —-
892 2894 973 2927 Fuit
996 2904 1140 2938 magnus
1163 2903 1279 2926 rumor
1303 2894 1346 2926 de
1369 2898 1472 2926 nocte
1494 2893 1530 2925 in
1546 2893 1702 2926 Bononia
1718 2892 1754 2925 in
1778 2893 1952 2937 quarterio

2033 1842 2111 1865 Mun„
2127 1841 2166 1861 156
