2196 3424
0 2904 11 2984 gor-..w
0 2831 7 2895 :ra-v
0 2792 2 2800 ν
0 2735 3 2745 2

130 196 212 234 [ΛΑ.
230 197 412 233 1349-1351]
712 164 1034 228 MEMORIALE
1062 188 1389 227 HISTORICUM
1922 187 1968 228 57

220 324 352 356 Eodem
375 333 477 356 anno.
503 342 545 347 —
568 323 771 357 Publicatus
794 324 862 357 fuit
883 324 1054 368 jubilaeus
1077 334 1120 357 ex
1141 329 1240 366 parte
1264 323 1396 355 domini
1420 333 1541 366 papae,
1566 323 1626 366 qui
1650 322 1752 355 debet
1782 331 1854 354 esse
1884 330 1977 353 anno

133 382 289 416 venturo,
312 376 478 409 videlicet
501 377 738 421 indulgentiae
762 377 806 409 de
828 387 941 419 poena
963 382 998 410 et
1020 377 1134 419 culpa.

220 429 352 462 Eodem
374 439 477 469 anno,
494 430 537 462 de
553 439 668 462 mense
681 429 843 473 januarii.
862 448 904 454 —
920 429 1088 462 Dominus
1110 429 1289 462 Luchinus
1304 429 1348 461 de
1363 429 1648 468 Vicecomitibus‚
1665 428 1825 461 dominus
1840 426 1976 460 Medio-

132 483 215 522 lani,
238 482 395 515 decessit.

90 533 108 567 5
219 532 394 567 MCCCL.
418 552 459 556 —
482 533 649 566 Dominus
672 533 814 566 Manuel
838 533 882 566 de
904 534 1063 566 Fontana
1085 533 1154 565 fuit
1176 537 1327 575 potestas
1356 532 1534 565 Bononiae
1564 543 1627 575 pro
1658 532 1797 575 primis;
1822 531 1981 564 dominus

133 587 390 620 Bartolomaeus
413 587 457 619 de
480 586 705 620 Cancelleriis
728 587 772 619 de
794 586 944 619 Pistorio
967 596 1031 629 pro
1054 586 1215 618 secundis
1237 596 1296 618 sex
1319 586 1502 619 mensibus.

221 640 354 673 Eodem
377 649 478 672 anno.
504 658 546 663 —
568 640 736 672 Dominus
759 640 957 683 Raynerius
981 639 1024 672 de
1047 639 1169 673 Castro
1192 639 1303 672 sancti
1319 639 1413 672 Petri
1431 645 1618 682 captaneus
1642 645 1677 672 et
1701 639 1892 682 ....[super
1906 638 1980 681 pa]-

133 694 216 727 latio
239 693 421 737 potestatis
442 703 506 736 pro
529 694 679 737 quodam
702 698 862 726 tractatu.

303 803 494 841 SEQm‘run
518 813 694 842 QUOMODO
717 811 846 836 nomm
870 812 917 835 ΒΕ
939 802 1094 836 PEPoms
1118 812 1375 836 PERDIDERUNT
1398 813 1582 836 DOMINIUM
1604 802 1804 836 Bonos-mn.

71 885 110 920 10
221 884 352 917 Eodem
382 884 567 918 MCCCL.
592 903 634 908 —
655 884 825 916 Dominus
854 883 1030 927 Johannes
1060 883 1104 916 de
1134 883 1282 926 Pepolis,
1307 889 1407 916 natus
1429 884 1512 915 olim
1536 883 1668 916 domini
1692 883 1825 916 Tadaei
1849 883 1893 915 de
1916 882 1981 915 Pe-

133 937 238 980 polis,
270 947 358 970 unus
387 948 430 969 ex
460 937 610 970 dominis
644 937 746 981 hujus
783 935 950 969 civitatis'
984 936 1180 975 Bononiae,
1215 937 1272 968 die
1302 946 1341 978 vJ
1368 937 1465 980 julii,
1497 942 1619 979 captus
1653 937 1721 969 fuit
1754 936 1981 978 personaliter

133 1001 242 1033 prope
266 990 459 1023 Solarolum
482 1001 546 1033 per
568 990 746 1022 dominum
768 988 970 1033 Astorgium
1001 990 1162 1022 comitem
1193 990 1447 1022 Romandiolae
1470 990 1507 1022 in
1530 990 1684 1022 exercitu
1715 990 1803 1022 dicti
1833 988 1982 1026 comitis,

134 1053 236 1086 quem
259 1043 409 1076 habebat
429 1043 528 1087 juxta
550 1048 699 1075 castrum
724 1042 872 1075 Solaroli
897 1042 940 1074 de
963 1042 1198 1074 Romandiola
1221 1043 1404 1075 comitatus
1431 1043 1628 1075 Faventiae.
1677 1043 1754 1081 Quiv
1773 1052 1888 1074 comes
1914 1046 1983 1073 sta-

133 1095 196 1127 tim
220 1095 353 1128 dimisit
376 1095 568 1128 Solarolum
591 1100 627 1127 et
649 1105 728 1127 cum
751 1105 813 1126 suo
835 1094 990 1127 exercitu
1013 1095 1185 1138 equitavit
1206 1095 1252 1127 ad
1275 1095 1433 1128 Castrum
1457 1095 1569 1128 sancti
1593 1095 1687 1127 Petri
1710 1095 1893 1127 comitatus
1916 1095 1984 1126 Bo-

71 1146 109 1179 15
134 1148 260 1180 noniae
275 1154 309 1180 et
325 1149 437 1191 ipsum
460 1147 582 1180 habuit
597 1158 661 1190 per
675 1147 746 1179 vim
762 1147 820 1179 die
835 1157 919 1188 va
935 1147 1022 1179 dicti
1039 1147 1165 1179 mensis
1178 1147 1269 1191 julii.
1316 1148 1449 1186 Postea,
1473 1148 1531 1180 die
1555 1148 1676 1180 ultimo
1700 1148 1873 1191 sequentis
1888 1156 1984 1179 men-

133 1201 181 1233 sis
202 1201 350 1245 augusti,
367 1201 481 1233 dictus
505 1200 665 1233 dominus
679 1200 855 1243 Johannes
878 1200 922 1232 de
944 1200 1094 1242 Pepolis,
1119 1200 1210 1232 datis
1234 1200 1422 1239 obsidibus,
1441 1201 1622 1233 relassatus
1638 1201 1706 1233 fuit
1721 1201 1826 1233 etiam
1842 1206 1985 1243 propter

134 1254 317 1296 pecuniam
340 1263 510 1298 magnam.
558 1254 604 1286 Et
638 1253 690 1285 sic
725 1253 808 1296 quia
831 1252 898 1295 ipsi
922 1253 966 1285 de
989 1253 1129 1295 Pepolis
1152 1263 1222 1285 non
1257 1259 1444 1295 potuerunt
1478 1254 1646 1286 sustinere
1679 1264 1838 1297 guerram
1862 1260 1984 1286 contra

134 1306 338 1346 Bononiam,
362 1307 430 1349 ipsi
454 1306 623 1339 dederunt
645 1306 839 1338 Bononiam
862 1311 897 1338 et
920 1306 1111 1338 dominium
1134 1306 1313 1338 Bononiae
1337 1306 1478 1338 domino
1508 1306 1660 1349 Johanni
1683 1306 1906 1345 Vicecomiti‚
1929 1317 1984 1338 ar-

133 1359 357 1402 chiepiscopo
380 1358 584 1398 Mediolani,
608 1359 680 1391 filio
711 1359 795 1391 olim
819 1358 952 1391 domini
975 1356 1131 1390 Mathaei
1156 1359 1394 1392 Vicecomitis‚

68 1411 111 1442 20
221 1410 288 1442 Die
304 1419 386 1442 vero
402 1419 496 1451 xx11J
514 1409 668 1442 octobris
690 1410 778 1442 dicti
802 1410 896 1442 anni.
915 1428 956 1432 -—-
972 1409 1142 1441 Dominus
1165 1409 1343 1442 Galeatius
1366 1409 1582 1450 Vicecomes,
1607 1420 1714 1453 nepos
1738 1410 1826 1442 dicti
1851 1410 1985 1443 domini

134 1462 400 1506 archiepiscopi,
424 1463 520 1495 venit
542 1463 735 1495 Bononiam
759 1462 899 1495 nomine
922 1462 1179 1505 archiepiscopi
1195 1468 1230 1495 et
1246 1462 1289 1494 de
1306 1473 1475 1495 consensu
1499 1464 1672 1496 dictorum
1696 1464 1740 1496 de
1763 1463 1902 1506 Pepolis
1926 1474 1985 1495 ac-

134 1516 229 1559 cepit
251 1516 443 1549 dominium
466 1516 620 1549 civitatis
641 1516 820 1548 Bononiae
843 1522 878 1548 et
900 1516 975 1560 ejus
999 1516 1182 1548 comitatus
1212 1521 1247 1547 et
1275 1515 1470 1554 districtus;
1495 1522 1529 1549 et
1553 1517 1741 1549 secundum
1764 1523 1868 1559 pacta
1891 1518 1983 1550 inter

134 1580 192 1602 eos
215 1570 320 1609 facta,
337 1570 470 1602 dimisit
492 1575 527 1602 et
550 1569 728 1602 relassavit
744 1569 884 1602 domino
899 1569 1032 1612 Jacobo
1056 1569 1100 1601 de
1123 1569 1263 1612 Pepolis
1286 1575 1398 1602 castra
1423 1569 1544 1602 Sancti
1559 1571 1728 1613 Johannis
1745 1570 1792 1602 im
1807 1570 1984 1603 Persiceto

133 1628 170 1656 et
192 1622 341 1655 Sanctae
363 1621 523 1667 Agathae
537 1628 572 1655 et
587 1622 728 1655 domino
750 1622 904 1666 Johanni
928 1622 1061 1655 dimisit
1084 1627 1198 1654 castra
1222 1622 1437 1655 Crevalcorii
1461 1629 1495 1655 et
1519 1623 1751 1655 Nonantulae.

69 1674 110 1708 25
223 1676 290 1708 Die
305 1676 473 1719 sequenti.
491 1694 532 1699 —-
549 1675 740 1708 Consilium
756 1675 878 1718 populi
895 1675 1119 1708 bononiensis
1135 1676 1232 1707 dedit
1256 1675 1364 1707 libere
1380 1676 1510 1708 dictam
1535 1676 1711 1708 civitatem
1729 1676 1824 1709 dicto
1841 1677 1985 1709 domino

136 1726 306 1768 Galeatio,
338 1728 523 1771 recipienti
554 1738 617 1771 pro
648 1728 745 1761 dicto
776 1728 917 1761 domino
947 1729 1224 1771 archiepiscopo,
1250 1729 1310 1772 qui
1334 1735 1412 1771 post
1435 1739 1646 1772 perpaucum
1670 1735 1804 1772 tempus
1828 1730 1986 1773 incoepit

136 1782 289 1814 construi
314 1782 430 1814 facere
446 1787 597 1814 castrum
620 1781 658 1813 in
681 1781 792 1825 burgo
815 1782 926 1814 sancti
951 1781 1079 1814 Felicis
1100 1781 1200 1825 juxta
1222 1792 1337 1814 muros
1361 1782 1516 1815 civitatis
1539 1782 1729 1815 Bononiae.

222 1877 424 1912 M.CCCLI.
440 1878 573 1911 Eodem
589 1888 691 1918 anno,
708 1879 766 1911 die
780 1889 823 1920 11J
839 1884 985 1911 exeunte
1001 1878 1195 1911 decembre.
1213 1898 1254 1901 —
1269 1879 1438 1911 Dominus
1454 1879 1630 1912 Bernabos
1646 1879 1860 1920 Vicecomes,
1877 1881 1986 1913 frater

136 1931 223 1964 dicti
247 1931 380 1964 domini
412 1932 540 1964 Galeaz
570 1931 809 1971 Vicecomitis‚
836 1932 931 1964 venit
961 1932 1154 1964 Bononiam
1178 1942 1256 1964 cum
1279 1932 1396 1964 multis
1419 1931 1594 1976 equitibus
1616 1938 1651 1965 et
1673 1933 1858 1975 peditibus,
1882 1944 1986 1966 causa

70 1984 114 2016 30
136 1984 331 2027 proeliandi
355 1995 433 2017 cum
457 1985 583 2018 comite
606 1985 871 2017 Romandiolae.

224 2035 356 2068 Eodem
379 2045 481 2068 anno.
500 2054 542 2058 —
557 2035 726 2067 Dominus
741 2036 938 2068 Bernardus
955 2036 998 2068 de
1014 2035 1201 2079 Angosolis
1217 2036 1261 2068 de
1277 2036 1457 2069 Placentia
1472 2036 1541 2069 fuit
1557 2042 1707 2079 potestas
1723 2037 1902 2070 Bononiae
1918 2048 1982 2080 pro

137 2088 259 2131 primis
282 2099 341 2121 sex
363 2088 537 2121 mensibus
558 2094 637 2131 post
659 2089 761 2120 finem
786 2088 890 2121 officii
914 2089 1046 2121 domini
1071 2089 1282 2131 Ghasparini
1306 2090 1349 2121 de
1373 2089 1659 2129 vicecomitibus,
1677 2090 1737 2133 qui
1753 2091 1867 2124 fuerat
1889 2097 1986 2134 pote-

137 2147 206 2174 stas
229 2141 290 2174 illo
313 2142 425 2184 primo
449 2147 603 2183 tempore
626 2151 690 2184 pro
713 2141 998 2175 Vicecomitibus.
1046 2142 1091 2174 Et
1114 2147 1233 2184 postea
1250 2142 1364 2175 dictus
1388 2142 1547 2175 dominus
1570 2143 1767 2175 Bernardus
1790 2144 1858 2176 fuit
1881 2145 1985 2177 etiam

139 2186 377 2237 potestas‘pro
400 2194 563 2226 secundis
585 2204 644 2226 sex
666 2194 850 2227 mensibus.

72 2244 122 2279 35·
194 2246 197 2254 '
226 2246 358 2279 Eodem
381 2257 483 2280 anno.
508 2266 549 2270 —
575 2247 821 2286 Incontinenti‚
846 2253 1028 2291 postquam
1047 2248 1287 2281 vicecomites
1309 2248 1503 2281 habuerunt
1527 2249 1718 2282 dominium
1742 2250 1895 2283 civitatis
1917 2251 1986 2284 BO-

139 2300 275 2339 noniae,
299 2299 366 2342 ipsi
390 2300 517 2332 reverti
540 2301 700 2332 fecerunt
722 2310 841 2332 omnes
863 2301 1032 2343 expulsos,
1056 2311 1144 2344 quae
1167 2301 1340 2334 restitutio
1364 2302 1432 2334 fuit
1455 2312 1558 2335 causa
1580 2313 1725 2347 magnae
1741 2303 1936 2336 discordiae
1952 2310 1987 2337 et

141 2353 258 2397 magni
282 2353 364 2385 mali
387 2352 426 2384 in
448 2353 618 2386 Bononia.

227 2403 361 2436 Guerra
383 2409 497 2436 autem
521 2404 613 2436 inter
642 2404 775 2437 dictum
792 2405 952 2438 comitem
969 2405 1222 2438 Romandiolae
1246 2412 1280 2439 et
1303 2405 1538 2439 Bononienses
1562 2407 1701 2440 duravit
1723 2418 1830 2451 usque
1854 2409 1900 2441 ad
1915 2419 1986 2441 me-

140 2457 235 2489 dium
258 2457 385 2489 mensis
407 2456 575 2489 februarii
610 2456 704 2490 1351.
751 2458 796 2490 Et
827 2458 941 2491 dictus
971 2469 1086 2491 comes
1116 2459 1258 2492 recessit
1288 2459 1430 2492 Imolam
1453 2466 1488 2492 et
1511 2460 1643 2492 dimisit
1673 2461 1862 2493 exercitum
1890 2473 1988 2495 suum

73 2510 116 2542 40
139 2509 262 2542 Butrii.
309 2510 355 2542 Et
377 2510 589 2542 Theutonici
612 2511 771 2543 fecerunt
787 2511 1011 2544 concordiam
1035 2522 1112 2544 cum
1137 2512 1277 2545 domino
1300 2512 1502 2545 Bernabove
1525 2518 1559 2545 et
1583 2520 1796 2546 recesserunt
1819 2515 1862 2547 de
1879 2516 1986 2547 comi-

140 2568 214 2595 tatu
237 2562 425 2595 Bononiae.
472 2563 517 2595 Et
540 2563 672 2596 dictum
695 2564 765 2596 fuit
788 2564 881 2608 quod
904 2565 1064 2597 dominus
1085 2565 1262 2598 Bernabos
1278 2566 1374 2598 dedit
1397 2566 1448 2598 eis
1470 2565 1582 2608 primo
1607 2572 1744 2599 centum
1768 2568 1894 2612 viginti
1917 2568 1986 2601 tria

139 2616 249 2648 millia
271 2616 476 2648 florenorum
500 2616 596 2649 dicta
619 2617 662 2649 de
685 2627 798 2650 eausa.

229 2669 360 2702 Eodem
393 2679 496 2709 anno,
527 2670 585 2702 die
615 2680 692 2702 xxx
722 2670 925 2704 decembris.
949 2690 991 2695 —-
1014 2671 1177 2704 Becharii
1213 2672 1450 2711 bononienses,
1487 2673 1546 2715 qui
1582 2673 1753 2706 fatiebant
1787 2674 1985 2708 bechariam

139 2723 238 2767 juxta
267 2723 417 2765 plateam
441 2734 462 2756 a
484 2724 591 2756 latere
622 2734 733 2763 mane,
768 2725 909 2757 fuerunt
942 2725 1076 2767 expulsi
1109 2726 1152 2758 de
1184 2725 1333 2758 becariis
1367 2725 1557 2768 praedictis
1587 2732 1622 2759 et
1653 2727 1768 2759 dictae
1804 2727 1988 2761 bechariae

75 2774 116 2808 45
141 2777 282 2809 fuerunt
305 2777 489 2819 deputatae
519 2777 564 2809 ad
594 2788 692 2809 usum
715 2778 1019 2821 stipendiariorum
1042 2778 1215 2821 peditum;
1239 2784 1274 2811 et
1297 2779 1363 2811 hoc
1386 2779 1430 2811 de
1453 2779 1615 2813 mandato
1632 2780 1764 2812 domini
1788 2792 1830 2813 ac
1854 2782 1987 2814 domini

141 2828 320 2871 potestatis
343 2828 497 2861 civitatis
518 2829 707 2863 Bononiae.

231 2946 248 2976 7
266 2943 287 2969 I
293 2945 403 2975 pantini
418 2948 510 2970 stanno
522 2954 540 2970 a
552 2948 759 2978 rappresentare
771 2954 822 2972 una
834 2953 931 2972 rasura
944 2946 992 2971 del
1000 2946 1055 2971 cod.
1070 2959 1102 2965 -
1115 2952 1132 2978 9
1144 2946 1173 2971 Il
1182 2947 1258 2972 titolo
1277 2944 1290 2971 ὲ
1308 2947 1464 2972 intersecato
1487 2946 1561 2972 dallo
1579 2949 1687 2972 stemma
1696 2948 1836 2979 pepolesco
1849 2948 1988 2980 capovolto

2051 817 2140 836 filma

2057 945 2135 969 Mun„
2153 945 2189 965 los

2061 2691 2081 2709 c.
2096 2691 2138 2708 100
2152 2694 2166 2707 α
