2196 3424
0 202 8 302 Ι
95 190 395 236 'mama-1211]
706 193 1026 228 MEMORIALE
1055 193 1377 230 HISTORICUM
1453 184 1457 187 ’
1906 193 1949 229 31

0 303 7 414 ι
203 326 337 359 Eodem
360 336 462 359 anno.
487 345 528 350 —
544 326 778 360 Bononienses
794 327 1015 360 restituerunt
1030 327 1285 360 Mutinensibus
1300 333 1440 370 pontem
1457 327 1567 360 sancti
1583 325 1764 360 Ambroxii
1788 327 1831 359 de
1848 326 1959 371 gratia

114 379 268 422 speciali,
284 379 378 422 quod
394 380 443 412 eis
458 387 678 422 acceperant,
695 386 730 413 et
745 381 895 422 spalnari
911 380 1072 413 fecerunt
1089 386 1247 419 castrum,
1264 380 1357 423 quod
1379 380 1428 412 ibi
1451 380 1620 418 fecerant,
1638 386 1672 412 et
1688 380 1907 422 palancatum
1924 385 1958 411 et

0 425 8 489 l
114 432 327 465 butifredum
343 433 472 474 portari
496 433 657 466 fecerunt
672 434 717 466 ad
733 433 890 466 Castrum
907 433 1120 470 Franchum3
1139 439 1173 465 et
1189 433 1275 466 haec
1300 433 1414 466 omnia
1437 433 1578 466 fuerunt
1602 433 1646 465 de
1670 444 1787 465 mense
1811 432 1956 476 augusti.

201 484 424 519 M.CCCV11.
449 486 579 518 Eodem
603 497 704 519 anno.
723 505 764 510 —
787 487 954 519 Dominus
977 487 1153 519 Gerardus
1177 486 1306 528 domini
1329 486 1431 518 Pacis
1454 486 1498 518 de
1513 483 1688 519 Bustichis
1710 486 1754 518 de
1779 485 1954 518 Florentia

0 491 6 590 ἰ
71 536 89 570 5
114 538 181 570 fuit
202 544 353 580 potestas
370 539 519 571 civitatis
541 539 718 572 Bononiae
734 549 797 582 pro
814 539 934 581 primis
949 550 1009 571 sex
1024 539 1198 571 mensibus
1214 545 1248 572 et
1265 539 1483 571 confirmatus
1499 539 1566 571 fuit
1581 539 1684 571 etiam
1699 548 1763 580 pro
1786 538 1958 578 secundis.

0 588 9 639 f
225 590 371 623 Eodem'
387 601 488 630 anno,
507 592 562 623 die
579 601 619 633 vJ
632 591 788 635 januarii.
806 609 848 614 ——
863 591 1015 624 Comites
1032 592 1075 624 de
1091 590 1222 623 Panico
1238 597 1407 623 venerunt
1421 591 1467 623 ad
1490 591 1647 623 Castrum
1663 591 1800 623 Novum
1817 597 1852 623 et
1866 590 1953 622 illud

0 664 6 700 ἰ
116 644 387 682 derobaverunt;
413 651 448 677 et
470 651 641 677 venerunt
663 645 708 677 ad
731 651 883 677 montem
906 645 1094 688 Cantaglae
1121 650 1156 676 et
1182 644 1276 676 illum
1305 644 1580 676 fortificaverunt
1603 650 1638 676 et
1668 650 1853 676 tenuerunt
1877 653 1960 676 con-

114 703 168 730 tra
191 699 337 730 comune
360 692 549 730 Bononiae.
596 698 642 730 Et
666 698 747 730 dum
772 704 870 730 erant
886 697 1014 730 obsessi
1030 708 1094 739 per
1125 707 1271 729 comune
1295 697 1472 729 Bononiae
1503 707 1611 739 usque
1643 697 1689 729 ad
1719 705 1808 737 xxvj
1830 696 1958 739 aprilis,

0 701 7 792 i
113 750 178 782 isto
201 750 327 788 medio,
351 750 515 783 videlicet
538 751 595 782 die
619 760 754 792 xxv111J
774 750 932 793 januarii,
956 749 1135 782 Mostarda
1157 748 1379 793 Maghinardi
1396 749 1439 781 de
1457 749 1559 781 dictis
1576 748 1757 782 comitibus
1773 749 1839 782 fuit
1855 749 1959 782 deca-

0 791 9 865 [
52 802 92 834 10
114 802 241 845 pitatus
263 803 299 834 in
323 803 437 845 platea
461 804 616 836 comunis
638 803 825 836 Bononiae.

0 866 5 897 1
204 855 338 888 Eodem
373 866 475 894 anno,
506 856 563 888 die
597 857 733 888 veneris
761 866 841 897 wa
874 856 995 888 martii.
1031 874 1071 879 —
1106 855 1322 888 Mutinenses
1353 855 1396 887 de
1427 860 1572 898 utraque
1603 860 1700 897 parte
1732 856 1777 888 ad
1810 855 1959 887 invicem

0 914 8 987 ἓ
114 908 372 950 proeliaverunt
403 914 437 941 et
467 919 547 951 pars
577 910 705 953 guelfa,
736 909 902 941 videlicet
932 908 1100 941 Buschitti
1131 914 1166 941 et
1201 909 1245 940 de
1277 908 1484 952 Savignano,
1516 908 1576 950 qui
1607 908 1742 941 noviter
1773 908 1959 946 redierant,

0 995 5 1021 μ
114 961 246 1003 expulsi
270 961 421 994 fuerunt.
468 960 574 999 Quod
591 962 741 994 sentiens
769 962 916 1004 populus
931 961 1152 994 bononiensis
1168 961 1335 1003 equitavit
1350 971 1467 993 versus
1483 960 1664 999 Mutinam,
1681 961 1743 993 sed
1765 961 1828 993 ivit
1850 961 1958 999 tarde,

114 1019 149 1046 et
171 1013 216 1046 ob
239 1014 277 1046 id
307 1015 548 1057 equitaverunt
578 1025 695 1047 versus
725 1014 969 1047 Nonantulam.
1005 1014 1051 1046 Et
1081 1014 1132 1046 illi
1159 1014 1218 1056 qui
1246 1024 1322 1046 eam
1357 1013 1533 1051 tenebant,
1565 1013 1737 1046 dederunt
1758 1013 1871 1058 ipsam
1902 1023 1961 1046 co-

0 1047 10 1144 }
52 1065 89 1098 15
114 1067 209 1099 muni
231 1067 408 1100 Bononiae
432 1078 510 1100 cum
534 1067 691 1100 omnibus
713 1067 781 1099 suis
803 1066 935 1110 juribus
950 1073 985 1100 et
1005 1066 1298 1110 jurisdictionibus
1321 1076 1384 1108 pro
1407 1075 1492 1098 ΜΜΜ
1505 1066 1611 1103 ,libris
1634 1065 1902 1103 bononinorum;
1927 1072 1962 1098 et

114 1118 190 1161 iura
212 1126 291 1152 sunt
313 1120 349 1152 in
373 1120 516 1153 archivo
540 1121 695 1152 comunis
717 1120 894 1152 Bononiae
917 1121 953 1152 in
978 1131 1116 1152 camera
1139 1125 1294 1152 actorum
1318 1118 1438 1161 populi
1460 1118 1692 1152 bononiensis.

0 1181 5 1237 ἰ
203 1173 338 1205 Eodem
362 1183 463 1211 anno,
488 1173 531 1205 de
555 1183 673 1205 mense
696 1172 786 1215 maji.
811 1191 852 1196 ——-
875 1172 979 1205 Multi
1001 1172 1126 1204 infirmi
1150 1177 1321 1204 venerunt
1343 1172 1389 1204 ad
1413 1171 1578 1204 Sanctum
1603 1171 1783 1204 Stefanum
1808 1178 1842 1204 et
1865 1172 1962 1204 bibe-

114 1232 194 1258 runt
218 1226 262 1258 de
286 1236 376 1268 aqua
397 1226 493 1268 putei
517 1226 627 1258 sancti
650 1226 805 1258 Petronii
836 1226 872 1257 in
904 1225 1034 1258 Sancto
1058 1225 1204 1258 Stefano
1228 1225 1405 1257 existentis
1436 1230 1471 1256 et
1501 1225 1610 1256 sanati
1637 1224 1778 1257 fuerunt
1809 1225 1962 1256 lavantes

0 1258 11 1312 ξ
116 1290 152 1311 se
177 1279 220 1311 de
245 1290 334 1322 aqua
355 1279 546 1321 praedicta.

0 1324 9 1380 ξ
47 1332 90 1363 20
202 1331 441 1365 M.CCCV111.
467 1350 507 1354 —
530 1331 698 1364 Dominus
721 1331 905 1364 Bertoldus
936 1331 979 1363 de
1011 1330 1188 1374 Malpiglis
1211 1330 1254 1362 de
1280 1329 1408 1362 Sancto
1439 1329 1586 1361 Miniato
1617 1329 1683 1361 fuit
1714 1335 1865 1372 potestas
1894 1330 1961 1362 Bo-

0 1381 6 1398 *
115 1385 252 1417 noniae.

202 1438 336 1470 Eodem
359 1447 461 1476 anno,
480 1438 536 1470 die
560 1448 636 1470 xxv
660 1437 818 1481 januarii.
845 1456 878 1460 —
894 1437 1062 1470 Dominus
1083 1435 1158 1469 Azo
1174 1436 1328 1468 marchio
1345 1435 1500 1468 Estensis
1522 1436 1585 1468 ivit
1608 1436 1653 1468 ad
1677 1435 1800 1468 balnea
1822 1435 1961 1468 Paduae

113 1497 256 1533 propter
268 1491 452 1534 quamdam
468 1491 700 1524 infirmitatem
718 1497 752 1523 et
770 1491 826 1523 die
843 1500 978 1531 xxva
994 1490 1081 1523 dicti
1097 1490 1224 1522 mensis
1238 1489 1388 1533 januarii
1405 1489 1553 1521 decessit
1570 1494 1605 1521 et
1621 1489 1779 1521 dominus
1795 1489 1965 1521 Freschus

114 1544 188 1576 eius
210 1543 299 1576 filius
321 1544 486 1576 remansit
507 1550 584 1586 post
608 1555 687 1577 eum
719 1544 878 1576 dominus
908 1543 1100 1576 Ferrariae.
1147 1541 1220 1580 Qui
1252 1542 1410 1574 dominus
1442 1542 1606 1580 Frescus,
1635 1541 1679 1574 de
1707 1552 1825 1574 mense
1852 1542 1964 1574 martii

0 1587 5 1623 ἶ
47 1595 89 1629 25
115 1597 200 1629 dicti
222 1597 315 1635 anni,
339 1596 426 1630 fecit
449 1597 641 1639 decapitari
665 1597 840 1630 dominum
864 1597 1035 1629 Ubertum
1058 1596 1246 1633 Baldoane‚
1271 1595 1428 1627 intimum
1452 1595 1601 1627 amicum
1619 1594 1703 1627 dicti
1721 1594 1851 1626 domini
1874 1605 1964 1626 mar-

114 1649 249 1683 chionis
270 1648 409 1689 Azouis,
433 1656 469 1683 et
492 1661 553 1683 sex
577 1651 662 1683 alios
685 1657 720 1683 et
743 1650 835 1693 ipsos
858 1650 945 1683 fecit
967 1650 1078 1693 proici
1101 1649 1137 1681 in
1160 1648 1307 1681 Padum.

203 1703 337 1735 Eodem
360 1713 462 1736 anno.
493 1721 536 1726 —-
565 1703 733 1736 Dominus
762 1703 933 1747 Ugolinus
960 1712 1076 1735 comes
1107 1702 1151 1734 de
1182 1701 1313 1734 Panico
1344 1707 1498 1734 mortuus
1529 1706 1581 1733 est
1611 1706 1646 1733 et
1676 1700 1829 1743 sepultus
1859 1700 1961 1732 valde

115 1755 304 1788 honorifice
328 1755 373 1787 ad
395 1755 511 1788 locum
534 1756 680 1789 fratrum
703 1755 998 1788 Praedicatorum.

203 1808 337 1841 Eodem
361 1818 462 1841 anno.
480 1827 522 1831 ——
537 1808 623 1841 Pars
639 1809 829 1847 Ecclesiae,
847 1809 905 1852 qui
923 1814 1021 1841 erant
1037 1808 1173 1850 expulsi
1189 1808 1232 1840 de
1249 1807 1375 1851 Regio,
1391 1807 1571 1840 redierunt
1586 1807 1622 1839 in
1645 1807 1754 1849 ipsam
1778 1807 1962 1839 civitatem.

8 1865 9 1868 ’
48 1861 92 1893 30
195 1861 338 1902 ⁴Eodem
361 1872 463 1894 anno.
490 1880 527 1885 -
551 1862 634 1906 vUgo
658 1862 702 1895 de
725 1862 905 1895 Medicina
927 1862 995 1895 fuit
1017 1867 1171 1894 mortuus
1194 1871 1214 1892 a
1238 1860 1422 1903 nepotibus
1444 1860 1513 1892 suis
1535 1860 1581 1892 ad
1602 1859 1827 1892 Medicinam.

201 1915 336 1947 Eodem
360 1925 461 1947 anno.
483 1933 520 1938 —
539 1914 766 1958 supradictus
787 1909 884 1959 Acco
900 1914 1054 1948 marchio
1071 1914 1224 1947 Estensis
1241 1919 1320 1946 ante
1338 1912 1411 1956 ejus
1431 1918 1576 1945 mortem
1600 1912 1686 1945 fecit
1705 1918 1963 1950 testamentum3

114 1968 150 2000 in
174 1977 242 2010 quo
265 1967 485 2001 testamento'
507 1968 648 2012 reliquit
671 1969 810 2001 comuni
832 1968 1009 2001 Bononiae
1033 1973 1142 1999 totum
1166 1966 1377 1999 territorium
1401 1976 1422 1997 a
1445 1976 1545 1997 mane
1570 1965 1779 1997 Scoltennae
1810 1965 1963 1997 existens

115 2026 151 2053 et
173 2020 319 2053 instituit
341 2020 406 2062 sibi
429 2020 594 2053 heredem
619 2021 800 2060 Fulchum,
825 2020 897 2064 ejus
920 2026 1093 2063 nepotem.
1133 2019 1211 2051 Hoc
1234 2023 1380 2061 apparet
1409 2018 1455 2050 ad
1478 2028 1650 2050 cameram
1677 2023 1832 2050 actorum
1864 2024 1899 2050 et
1929 2017 1965 2049 iu

115 2074 322 2107 monasterio
345 2073 490 2107 fratrum
513 2074 623 2107 sancti
646 2074 825 2107 Francisci
849 2074 892 2107 de
915 2073 1082 2106 Bononia.

49 2125 91 2159 35
203 2126 463 2160 M.CCCVIIII.
491 2145 528 2151 -
554 2127 742 2160 Venetiani
765 2133 923 2160 emerunt
948 2127 1123 2160 civitatem
1148 2125 1329 2159 Ferrariae
1354 2136 1374 2157 a
1397 2124 1540 2163 Fulcho‚
1569 2129 1695 2166 nepote
1726 2124 1807 2156 olim
1837 2123 1967 2156 domini

114 2177 249 2223 Aeonis.
266 2179 472 2212 marchionis
495 2180 660 2219 Estensis‚
676 2186 712 2213 et
734 2191 810 2212 eam
833 2190 897 2222 pro
912 2185 1011 2222 parte
1026 2179 1232 2211 habuerunt.
1273 2176 1354 2215 Qua
1370 2178 1413 2210 de
1432 2187 1535 2209 causa
1551 2177 1709 2209 dominus
1732 2176 1866 2220 legatus
1881 2177 1967 2209 fecit

112 2232 270 2276 'equitare
293 2232 530 2266 Bononienses
554 2239 674 2266 contra
698 2233 872 2266 civitatem
897 2232 1089 2271 Ferrariae,
1113 2232 1172 2275 qui
1195 2231 1432 2263 Bononienses
1455 2236 1749 2273 recuperaverunt
1771 2230 1966 2262 Ferrariam

117 2291 152 2318 et
173 2285 426 2319 interfecerunt
447 2286 573 2319 multos
595 2286 762 2325 Venetos,
787 2287 847 2329 qui
878 2286 1007 2319 Veneti
1032 2285 1158 2328 sepulti
1180 2285 1322 2317 fuerunt
1343 2284 1441 2327 juxta
1465 2293 1580 2316 muros
1602 2283 1783 2316 Ferrariae
1807 2283 1852 2315 ad
1874 2282 1967 2315 Mot-

117 2344 188 2372 tam
212 2338 377 2372 Gavardi.
1855 2336 1858 2340 ’

0 2399 3 2403 ’
51 2392 94 2423 40
205 2391 340 2424 Eodem
363 2402 466 2425 anno.
490 2411 532 2416 —
555 2393 732 2425 Tordinus
763 2403 879 2425 comes
911 2393 955 2425 de
986 2391 1129 2430 Panic0‚
1162 2390 1221 2434 qui
1252 2400 1321 2422 una
1353 2400 1432 2422 cum
1463 2389 1569 2421 Doffo
1601 2388 1726 2421 comite
1758 2388 1802 2421 de
1833 2388 1966 2420 Panico

116 2444 334 2487 occupabant
368 2451 516 2478 castrum
552 2445 684 2490 stagni,
716 2446 875 2478 videntes
910 2456 946 2478 se
981 2443 1137 2481 obsessos
1166 2454 1187 2475 a
1217 2442 1378 2487 gentibus
1409 2442 1565 2474 comunis
1597 2441 1775 2474 Bononiae
1807 2446 1842 2473 et
1872 2441 1966 2473 nullo

116 2497 219 2530 modo
242 2507 341 2540 posse
365 2509 402 2531 se
424 2498 630 2538 defendere,
654 2499 815 2532 timentes
837 2498 991 2541 appendi
1013 2508 1077 2540 per
1099 2497 1226 2540 gulam,
1251 2496 1363 2528 noctis
1385 2501 1540 2537 tempore
1564 2494 1742 2538 fugierunt
1774 2499 1808 2526 et
1837 2494 1967 2526 dictum

118 2557 267 2584 castrum
290 2561 354 2593 pro
377 2552 511 2584 meliori
533 2552 809 2585 Bononiensibus
832 2551 1045 2584 dimiserunt.

203 2603 410 2638 M.CCCXI.
427 2605 564 2637 Eodem
587 2615 689 2638 anno.
708 2623 749 2628 —-
765 2605 934 2637 Dominus
949 2604 1106 2647 Julianus
1122 2602 1257 2636 Cambii
1274 2602 1317 2634 de
1333 2600 1501 2640 Bononia,
1524 2601 1641 2645 legum
1666 2601 1799 2639 doctor,
1817 2599 1966 2632 decessit

52 2654 92 2689 45
119 2656 176 2689 die
198 2657 361 2689 mercurii
384 2657 538 2690 secundo
561 2658 739 2691 februarii.

206 2710 341 2743 Eodem
365 2720 466 2743 anno.
491 2728 534 2733 -
558 2711 619 2743 Illi·⁴
635 2711 679 2743 de
703 2711 737 2743 la
759 2710 871 2742 Turre
896 2710 940 2742 de
963 2709 1165 2742 Mediolano
1188 2709 1330 2741 fuerunt
1354 2707 1488 2750 expulsi
1512 2707 1555 2751 de
1581 2707 1675 2739 dicta
1697 2712 1798 2739 terra.

205 2763 340 2795 Eodem
363 2773 465 2796 anno.
490 2782 532 2786 -—
554 2765 692 2796 Foveae
718 2763 867 2796 civitatis
888 2763 1065 2795 Bononiae
1090 2768 1231 2795 cavatae
1256 2761 1397 2793 fuerunt
1419 2771 1483 2803 per
1506 2759 1732 2792 comitatinos.

206 2816 340 2848 Eodem
364 2826 465 2849 anno.
491 2835 532 2839 —
555 2816 723 2849 Dominus
746 2816 919 2848 Henricus
943 2815 986 2848 de
1009 2813 1260 2858 Lucimborgo'
1285 2814 1413 2846 electus
1435 2813 1502 2845 fuit
1525 2812 1713 2855 imperator
1735 2817 1770 2844 et
1786 2817 1968 2844 coronatus

211 2934 291 2960 11-16
310 2936 343 2960 In
360 2936 490 2969 marg-ine,
509 2936 540 2961 dn·
556 2940 643 2962 contro
660 2946 678 2962 a
696 2939 787 2969 questa
812 2935 925 2961 notizia.-
945 2936 988 2960 De
1007 2935 1179 2960 Nonantuua
1198 2948 1231 2953 ——
1250 2939 1283 2967 47
1297 2934 1330 2959 In
1347 2932 1483 2965 margine.-
1503 2933 1544 2957 De
1561 2930 1652 2957 foveis
1671 2931 1815 2956 Bononiae

2029 495 2128 519 2255&

2029 579 2107 624 λβῐυκ..
2125 600 2161 621 13⁶

2037 1346 2058 1360 c.
2073 1345 2103 1364 57
2113 1347 2132 1369 'a

2037 1975 2128 1999 ‘257⁶

2045 2822 2120 2846 Μυκ..
2137 2820 2174 2842 137
