2242 3418
155 168 238 206 [ΛΑ.
258 171 437 203 1360-1361]
743 164 1064 200 MEMORIALE
1092 166 1417 203 HISTORICUM
1945 170 1993 206 63

152 295 282 329 darinis
304 295 520 328 decretorum
545 296 677 336 doctor,
702 297 860 330 dominus
883 298 1080 331 Catellanus
1104 299 1147 331 de
1178 298 1260 332 Sala
1282 299 1378 332 miles
1400 306 1435 333 et
1466 300 1623 334 dominus
1647 301 1776 346 Symon
1801 302 1844 334 de
1868 301 1996 335 Sancto

152 349 301 393 Georgio
323 350 436 393 legum
462 350 592 383 doctor.
639 351 710 390 Qui
741 350 990 384 ambaxiatores
1020 351 1242 385 obtinuerunt
1264 364 1286 385 a
1309 353 1448 386 domino
1470 365 1562 397 papa
1584 355 1799 399 privilegium
1823 355 1937 388 Studii
1961 355 1996 387 in

151 403 324 447 theologia
346 408 381 435 et
403 403 511 435 multa
533 404 611 443 alia,
634 410 737 447 prout
760 409 856 447 patet
878 406 914 437 in
938 415 1074 438 camera
1089 411 1244 439 actorum
1266 406 1302 438 in
1318 408 1462 451 registro
1486 409 1640 441 comunis
1661 408 1848 441 Bononiae.

238 457 371 489 Eodem
394 467 496 496 anno,
522 458 579 490 die
602 468 645 499 11J
668 458 878 501 septembris.
916 478 956 482 ——
991 459 1149 492 Castrum
1172 465 1206 492 et
1230 465 1322 492 terra
1344 460 1565 504 Varignanae
1597 462 1778 494 comitatus
1808 461 1995 500 Bononiae,

106 508 124 540 5
149 510 243 552 quod
265 510 504 552 occupabatur
526 522 588 553 per
609 517 729 555 gentes
752 513 882 544 domini
904 513 1126 552 Bernabovis,
1151 514 1344 546 restitutum
1367 514 1434 546 fuit
1457 515 1596 547 domino
1619 515 1822 547 Malatestae
1846 515 1890 547 de
1919 514 1997 547 Ma—

149 563 277 595 latestis
293 573 357 606 pro
381 564 540 596 Ecclesia
556 574 696 597 romana
719 566 910 608 recipienti,
935 566 1038 599 salvis
1053 567 1208 608 personis
1230 567 1266 599 in
1289 567 1365 608 ipso
1382 573 1495 600 castro
1512 567 1744 600 existentibus.
1792 568 1863 607 Qui
1878 577 1996 600 omnes

148 616 244 658 capti
265 621 300 648 et
323 615 436 649 robati
459 618 599 650 fuerunt
622 624 657 650 et
681 619 778 650 ducti
801 619 1009 657 Bononiam3
1026 624 1060 651 et
1076 619 1174 662 ligati
1190 624 1224 651 et
1241 620 1337 652 ducti
1354 621 1495 652 fuerunt
1511 626 1685 663 tamquam
1701 621 1852 653 latrones
1866 631 1929 663 per
1945 621 1995 653 ci-
2018 625 2020 627 ’

147 669 288 702 vitatem
309 670 487 702 Bononiae
510 676 544 702 et
560 671 708 713 populus
723 671 943 704 bononiensis
958 672 1146 704 clamabat:
1165 690 1207 696 —
1225 673 1360 715 apicha,
1378 673 1506 716 apicha
1521 674 1532 705 i
1549 674 1702 706 ladruni!
1721 693 1763 697 —
1779 675 1826 706 Et
1843 674 1886 706 de
1904 674 1999 706 dicto

146 731 238 754 anno
261 733 322 754 rex
344 723 521 767 Ungariae
552 724 646 757 misit
676 724 713 756 in
747 724 914 761 auxilium
945 726 1125 758 Ecclesiae
1154 728 1200 757 v¹'³
1228 726 1398 769 Ungaros,
1429 726 1490 759 sub
1522 727 1696 769 stipendio
1726 732 1840 759 tamen
1873 727 1997 759 Eccle-

85 774 124 806 10
147 774 229 813 siae,
253 786 398 818 quorum
422 783 527 819 caput
549 783 623 810 erat
647 778 806 810 dominus
830 778 959 822 Symon
982 779 1116 817 Mort03
1140 784 1175 811 et
1199 778 1287 811 dicti
1309 779 1445 822 Ungari
1468 785 1634 812 venerunt
1657 779 1810 812 Paduam
1834 785 1868 812 et
1892 780 1996 812 Fera-

146 827 232 859 riam
256 834 290 861 et
313 834 433 871 postea
449 830 484 861 in
509 830 788 863 Romandiolam.
835 831 880 863 Et
902 832 1074 863 exercitus
1098 831 1244 864 domini'
1268 831 1495 871 Bernabovis‚
1518 843 1596 864 cum
1619 832 1754 865 audivit
1778 833 1821 865 de
1842 833 1994 869 adventu

147 880 318 913 dictorum
335 882 565 926 Ungarorum,
582 885 700 927 fugam
716 884 865 926 arripuit
880 895 997 916 versus
1013 885 1171 917 Castrum
1187 886 1216 917 F
1218 885 1384 917 ranchum
1400 891 1434 917 et
1451 885 1654 918 dimiserunt
1677 885 1838 918 bastitam
1862 886 1906 918 de
1929 885 1996 918 Ca-

145 934 299 967 stenaxio
323 935 490 968 munitam
513 942 548 969 et
571 937 741 969 fulcitam.
789 938 904 976 Quam
928 937 1090 970 bastitam
1113 948 1194 979 pars
1209 937 1329 980 populi
1346 937 1581 977 bononiensis,
1598 938 1656 971 die
1677 948 1766 980 xva
1781 937 1994 980 septembris,

144 996 212 1019 una
236 998 314 1019 cum
339 989 479 1022 domino
504 990 666 1022 Galaotto
690 991 733 1022 de
756 990 959 1028 Malatestis‚
984 991 1042 1033 qui
1058 991 1168 1022 iverat
1184 985 1230 1023 ad
1246 991 1540 1032 supravidendum
1562 991 1671 1033 ipsam
1695 991 1864 1032 bastitam,
1884 991 1997 1023 dictus

83 1037 119 1070 15
144 1040 302 1082 populus,
319 1042 428 1074 invito
453 1042 549 1075 dicto
573 1043 712 1075 domino
730 1043 908 1082 Galaocto,
925 1049 1210 1086 expugnaverunt
1233 1049 1267 1076 et
1290 1054 1354 1085 per
1368 1044 1438 1075 vim
1462 1049 1497 1076 et
1519 1054 1598 1076 cum
1621 1044 1701 1088 igne
1724 1044 1873 1076 viriliter
1895 1054 1996 1077 acce-

142 1099 267 1134 perunt
290 1100 325 1127 et
348 1096 552 1128 occiderunt
567 1102 602 1128 et
618 1102 784 1138 ceperunt
806 1106 924 1129 omnes
938 1096 1109 1135 inimicos,
1133 1096 1193 1139 qui
1209 1102 1307 1128 erant
1323 1097 1359 1128 in
1377 1097 1471 1129 dicta
1485 1096 1621 1136 bastita‚
1637 1103 1672 1129 et
1687 1102 1800 1130 certos
1816 1102 1936 1140 captos
1952 1097 1996 1130 de

142 1146 309 1186 Bononia,
334 1149 392 1191 qui
415 1154 514 1181 erant
536 1149 574 1180 in
598 1149 719 1191 cippis,
744 1149 907 1182 alacriter
930 1150 1147 1182 relassarunt.

231 1201 364 1233 Eodem
387 1211 490 1240 anno,
515 1202 573 1234 die
598 1212 706 1243 xme
728 1201 891 1235 octobris.
919 1221 961 1226 —
984 1203 1062 1235 Duo
1090 1202 1264 1245 quarteria
1294 1202 1483 1241 Bononiae,
1507 1203 1670 1235 videlicet
1693 1208 1813 1245 portae
1845 1203 1936 1236 Steri
1961 1209 1996 1236 et

142 1259 263 1295 portae
285 1254 510 1293 Ravennatis,
533 1255 670 1287 iverunt
692 1256 739 1288 ad
762 1254 922 1288 bastitam
946 1256 990 1288 de
1005 1255 1179 1288 Casaliclo
1203 1266 1282 1287 cum
1311 1255 1429 1288 multis
1450 1256 1630 1299 manganis
1652 1261 1687 1288 et
1702 1255 1869 1288 aedificiis
1892 1266 1996 1288 causa

11 1304 18 1322 f
75 1306 118 1337 20
142 1306 251 1348 ipsam
275 1307 509 1351 expugnandi.

228 1359 294 1391 Die
316 1370 399 1393 vero
422 1370 527 1401 xwa
550 1361 636 1393 dicti
659 1361 793 1394 mensis.
811 1380 853 1385 —
868 1362 1036 1395 Dominus
1058 1361 1228 1406 Aegidius
1251 1362 1438 1395 cardinalis
1461 1368 1496 1394 et
1519 1362 1651 1406 legatus
1677 1362 1878 1404 praedictus
1900 1363 1995 1395 venit

140 1412 186 1444 ad
209 1412 453 1445 monasterium
476 1414 624 1446 fratrum
647 1414 759 1447 sancti
782 1414 966 1447 Michaelis
989 1415 1032 1447 de
1055 1414 1168 1447 Busco
1191 1425 1301 1457 prope
1324 1415 1527 1448 Bononiam.

227 1464 359 1497 Eodem
375 1475 477 1505 anno,
490 1466 547 1498 die
563 1476 683 1507 xxan
694 1466 845 1499 octobris
865 1468 958 1499 1360.
973 1486 1013 1490 —
1027 1467 1209 1500 Praefatus
1221 1468 1522 1500 reverendissimus
1535 1473 1643 1510 pater,
1657 1468 1816 1500 dominus
1827 1466 1996 1512 Aegidius

139 1518 325 1550 cardinalis
340 1523 375 1551 et
391 1519 532 1563 legatus,
550 1519 692 1552 intravit
708 1520 884 1552 civitatem
899 1520 1077 1552 Bononiae
1093 1530 1172 1552 cum
1196 1530 1322 1564 magna
1344 1521 1477 1553 laetitia
1499 1527 1534 1553 et
1558 1521 1694 1554 obviam
1719 1521 1784 1554 sibi
1809 1522 1872 1553 ivit
1902 1527 1995 1554 totus

73 1567 114 1601 25
138 1571 286 1613 populus
318 1581 396 1603 cum
427 1573 579 1610 caroti03
611 1578 645 1605 et
678 1573 836 1605 dominus
857 1572 1063 1617 Aymericus
1086 1573 1130 1606 de
1153 1573 1424 1606 Cavalcantibus
1455 1574 1498 1606 de
1529 1574 1718 1612 Florentia,
1746 1580 1897 1616 potestas
1925 1574 1995 1606 Bo-

139 1623 273 1661 noniae,
299 1624 395 1656 duxit
418 1624 482 1656 sibi
498 1625 645 1658 redanas
660 1636 724 1668 per
738 1631 872 1668 portam
889 1626 1000 1658 sancti
1017 1626 1206 1661 Mammae:
1223 1632 1258 1659 et
1273 1626 1310 1658 in
1326 1627 1403 1668 ipso
1419 1627 1562 1659 introitu
1585 1627 1711 1659 milites
1734 1627 1807 1659 fieri
1823 1627 1908 1659 fecit
1932 1628 1994 1660 do-

138 1676 267 1708 minum
291 1677 483 1710 Gerardum
506 1678 550 1710 de
573 1678 760 1717 Conforfis,
786 1679 961 1711 dominum
984 1679 1173 1723 Ugolinum
1197 1680 1241 1712 de
1264 1679 1428 1718 Galuciis,
1453 1680 1628 1712 dominum
1651 1678 1832 1712 Albertum
1857 1681 1900 1712 de
1924 1680 1994 1713 Ga-

138 1729 247 1768 luciis,
272 1730 447 1762 dominum
469 1730 639 1774 Jacobum
665 1732 708 1764 de
723 1732 973 1774 Ramponibus.
1020 1732 1270 1776 Praefatusque
1294 1733 1452 1765 dominus
1475 1733 1663 1765 cardinalis
1686 1734 1864 1765 descendit
1881 1733 1917 1765 in
1933 1744 1994 1775 pa-

137 1782 220 1814 latio
243 1783 398 1826 comunis
419 1783 606 1823 Bononiae,
631 1784 690 1817 ubi
714 1786 828 1818 dictus
851 1786 1009 1818 dominus
1030 1786 1207 1828 Johannes
1231 1786 1274 1818 de
1298 1785 1421 1829 Olegio
1443 1786 1547 1818 modo
1570 1785 1756 1818 tirannico'
1783 1786 1990 1818 morabatur.

71 1834 114 1866 30
224 1835 357 1868 Eodem
379 1839 490 1875 anno,
506 1838 550 1869 de
572 1847 688 1870 mense
711 1837 917 1871 novembris.
941 1857 983 1862 ——
1006 1839 1084 1871 Duo
1116 1839 1290 1882 quarteria
1313 1839 1433 1881 populi
1456 1839 1644 1878 Bononiae,
1675 1839 1838 1871 videlicet
1868 1844 1990 1881 portae

136 1888 247 1920 sancti
268 1888 408 1921 Proculi
422 1895 457 1922 et
472 1896 594 1932 portae
616 1891 727 1924 sancti
743 1891 849 1930 Petri,
865 1892 1063 1935 equitarunt
1079 1892 1125 1924 ad
1142 1892 1237 1924 dicta
1252 1891 1413 1924 bastitam
1438 1892 1481 1924 de
1504 1892 1693 1925 Caxaliclo.
1739 1892 1785 1939 Et
1802 1892 1883 1924 dum
1906 1902 1993 1925 unus

133 1940 348 1984 juvenculus,
371 1942 461 1975 filius
482 1942 626 1982 Chechi,
650 1945 768 1977 fratris
798 1945 900 1976 Doxii
931 1945 1115 1983 cimatoris‚
1146 1945 1266 1977 fuisset
1289 1955 1470 1986 percussus
1492 1950 1526 1976 et
1549 1949 1702 1977 mortuus
1732 1945 1775 1977 de
1797 1956 1867 1977 una
1896 1945 1993 1978 bom-

136 1993 245 2026 barda
267 1994 495 2034 inimicorum,
519 1996 678 2029 dominus
701 1997 898 2035 cardinalis,
922 1997 988 2029 hoc
1013 1997 1145 2036 videns,
1162 1998 1385 2039 reprehendit
1402 1998 1577 2030 dominum
1602 1998 1799 2030 Galaottum
1821 1999 1865 2030 de
1881 1998 1994 2031 Mala-

137 2047 242 2085 testis,
266 2048 326 2090 qui
349 2047 423 2080 sine
446 2049 549 2081 armis
572 2049 644 2082 ibat
659 2050 695 2081 in
719 2059 862 2091 camp03
885 2056 920 2082 et
943 2050 1057 2082 dictus
1081 2050 1239 2082 dominus
1261 2050 1447 2082 cardinalis
1468 2050 1568 2093 jussit
1592 2051 1682 2083 trahi
1705 2051 1873 2090 aedificia,
1894 2052 1992 2084 vide-

9 2089 14 2117 ,²
70 2097 111 2130 35
137 2099 218 2131 licet
241 2110 429 2144 manganes
451 2107 486 2134 et
508 2102 577 2134 alia
599 2102 902 2141 aedifitia‚vversus
932 2102 1101 2136 bastitam.
1148 2103 1193 2135 Et
1217 2113 1295 2135 cum
1325 2103 1387 2142 illi,
1412 2104 1471 2146 qui
1493 2109 1591 2135 erant
1614 2104 1650 2135 in
1686 2102 1820 2142 bastita‚
1844 2105 1910 2137 hoc
1941 2106 1992 2137 vi-

137 2153 271 2191 derunt.
295 2163 330 2185 se
353 2154 589 2193 reddiderunt,
613 2156 716 2188 salvis
738 2156 902 2197 personis,
927 2156 1066 2189 domino
1091 2155 1235 2199 Symoni
1258 2156 1441 2198 capitaneo
1456 2156 1686 2200 Ungarorum.
1733 2157 1779 2189 Et
1802 2158 1864 2197 sic,
1881 2158 1938 2190 die
1954 2169 1992 2200 VJ

128 2205 342 2245 novembris,
365 2213 599 2240 vacuaverunt
623 2208 751 2240 dictam
775 2207 945 2247 bastitam‚
972 2209 1009 2241 in
1033 2219 1101 2251 qua
1124 2214 1222 2241 erant
1246 2209 1459 2251 infrascripti
1482 2209 1677 2251 proditores
1700 2211 1854 2243 comunis
1877 2211 1992 2244 Bono-

137 2258 214 2290 niae
237 2259 328 2291 inter
350 2259 446 2298 alios,
471 2260 649 2294 videlicet:
674 2260 873 2305 Paganinus
896 2267 930 2294 et
952 2261 1155 2294 Leonardus
1179 2262 1321 2294 comites
1345 2262 1389 2294 de
1412 2262 1553 2300 Panico,
1577 2262 1765 2295 Picinellus
1789 2264 1832 2296 de
1855 2264 1889 2296 la
1912 2265 1991 2297 Mo-

8 2343 11 2347 ,
135 2311 298 2343 schachia
320 2318 355 2345 et
376 2313 475 2345 multi
508 2314 568 2345 alii
591 2314 684 2346 cives
706 2315 901 2356 proditores
936 2315 1091 2347 comunis
1113 2315 1301 2353 Bononiae,
1334 2315 1392 2357 qui
1424 2324 1542 2347 omnes
1572 2321 1785 2348 recesserunt
1815 2321 1990 2360 tamquam

71 2364 113 2395 40
137 2363 267 2396 debiles
289 2366 483 2407 proditores
506 2371 541 2398 et
563 2367 673 2408 ipsam
696 2367 856 2400 bastitam
873 2368 1085 2400 dimiserunt.

14 2412 16 2414 ’
223 2417 356 2450 Eodem
379 2428 480 2451 anno.
505 2438 547 2442 —
571 2419 755 2452 Guidestus
778 2430 891 2453 comes
922 2421 965 2453 de
988 2420 1130 2460 Panico,
1154 2421 1349 2454 Bonifatius
1381 2421 1518 2454 Santini
1547 2427 1582 2454 et
1613 2422 1798 2455 Guarettus
1828 2422 1990 2456 Andreae

135 2475 309 2513 tamquam
342 2471 537 2513 proditores
572 2473 727 2506 comunis
761 2473 937 2506 Bononiae
972 2474 1113 2507 fuerunt
1149 2475 1347 2516 decapitati.
1393 2473 1447 2506 Ae
1484 2475 1587 2507 etiam
1622 2476 1762 2509 fuerunt
1800 2477 1988 2519 decapitati

135 2523 234 2555 multi
258 2524 316 2555 alii
340 2530 481 2566 propter
504 2526 735 2567 proditionem
759 2526 872 2559 Castri
896 2527 940 2559 de
963 2526 1140 2559 Tebaldis.

223 2577 460 2610 M.CCCLXI.
485 2596 526 2601 —
550 2579 717 2611 Dominus
739 2579 941 2612 Fernandus
965 2580 1008 2612 de
1039 2581 1227 2624 Hyspania,
1252 2581 1348 2613 miles
1371 2581 1499 2623 probus
1522 2587 1556 2614 et
1587 2582 1714 2621 valens,
1746 2582 1813 2614 fuit
1835 2588 1986 2624 potestas

19 2651 22 2655 .
71 2626 111 2660 45
135 2628 323 2662 Bononiae.

222 2683 355 2715 Eodem
378 2693 480 2723 anno,
506 2685 550 2717 de
572 2694 686 2717 mense
710 2686 834 2718 martii.
866 2704 907 2709 —
938 2687 1259 2719 Reverendissimus
1290 2692 1399 2730 pater,
1424 2688 1582 2726 dominus
1612 2686 1779 2731 Aegidius
1802 2689 1989 2722 cardinalis

135 2740 170 2767 et
192 2735 324 2779 legatus
346 2737 522 2769 Bononiae
538 2744 614 2776 etc„
639 2738 794 2771 discessit
818 2739 861 2771 de
884 2739 1041 2772 Bononia
1056 2745 1091 2772 et
1106 2740 1169 2772 ivit
1192 2738 1382 2784 Argentam
1400 2746 1435 2773 et
1451 2741 1593 2773 ulterius
1616 2741 1679 2773 ivit
1702 2740 1903 2785 Ungariam‚
1927 2753 1988 2774 au-

134 2787 252 2820 xilium
275 2789 453 2831 petiturus,
477 2796 512 2823 et
535 2791 633 2823 duxit
656 2801 772 2823 secum
795 2792 921 2825 multos
943 2791 1162 2826 honorabiles
1186 2793 1279 2826 cives
1302 2792 1540 2826 bononienses.

225 2906 240 2932 3
260 2900 412 2934 theologia]
432 2910 514 2935 segue
532 2910 584 2935 per
601 2910 620 2928 x
639 2904 722 2928 annis
741 2905 886 2928 cancellato

2069 848 2089 863 c.
2106 847 2148 866 109
2162 849 2175 862 α

2068 1797 2148 1822 Μυκη
2165 1797 2201 1818 17⁶

2067 1856 2087 1872 c.
2102 1855 2144 1875 109
2159 1851 2170 1871 ὁ
