2242 3418
98 667 132 695 10

98 892 130 921 15

95 1115 131 1142 20

95 1786 131 1814 30

98 2204 134 2243 ⁴0

245 277 316 302 Item
335 277 366 302 ln
384 274 470 303 eo'de
488 285 521 303 eo
540 279 568 303 et
586 287 668 311 super
686 287 720 305 eo
739 281 814 312 quod
827 281 990 306 Franciscus
1007 280 1054 306 fur

157 321 282 353 publicus
300 321 453 353 inquisitus
470 322 614 354 predictus
632 323 664 349 de
681 324 815 356 predictis
827 332 885 350 non
898 326 1053 357 contentus,

158 365 205 390 sed
223 365 297 390 mala
314 365 395 390 malis
413 365 519 391 adendo
538 368 633 392 animo
647 369 676 392 et
695 368 858 394 intentione
871 369 1010 402 predictis,
1022 369 1055 394 de

158 409 232 435 dicto
249 417 323 435 anno
341 411 467 442 presenti
485 412 514 435 et
533 418 628 436 mense
646 412 796 438 decembris
815 414 940 445 proxime
965 415 1056 446 prete-

158 454 209 478 r1ti
220 452 330 479 furatus
342 453 398 479 fuit
410 454 442 479 de
454 455 531 480 dicta
543 455 627 481 domo
648 456 718 481 dicti
736 457 860 490 Matthey
878 464 966 482 unum
979 465 1056 483 man-

158 497 255 523 tellum
271 497 307 522 ad
324 505 406 523 usum
431 499 557 524 mulieris
581 501 671 532 panni
693 500 756 526 lane
779 502 808 525 et
831 500 934 526 coloris
958 501 1057 526 mischi

157 541 264 568 valoris
280 543 309 567 et
326 543 518 568 extimationis
535 543 627 569 decem
639 545 772 570 librarum
786 546 863 576 bon„
875 546 903 570 et
915 552 999 570 unam
1011 546 1056 570 tos

157 586 260 612 baliam
279 594 408 619 magnam
427 588 455 612 et
473 594 557 613 unam
575 595 692 620 parvam
716 589 806 620 panni
830 589 882 614 lini
907 589 1011 614 valoris
1029 590 1057 614 et

157 629 350 654 extimationis
368 628 510 655 soldorum
529 631 634 663 viginti
646 631 710 655 octo
723 632 798 663 bon.,
811 638 864 663 que
876 638 920 656 res
938 632 967 655 et
982 631 1057 656 bona

158 673 322 706 spectabant
340 674 367 698 et
384 674 563 706 pertinebant
581 674 616 699 ad
634 674 805 700 antedictum
825 675 970 700 Matheum
988 682 1058 707 quas

157 716 276 742 tobalias
294 718 324 742 et
343 717 505 743 mantellum
524 718 687 743 Franciscus
706 719 834 751 publicus
846 718 893 744 fur
904 719 1057 751 inquisitus

157 760 300 794 predictus
319 762 535 795 subplgnoravit
553 762 627 795 apud
645 762 792 795 quemdam
811 762 997 788 feneratorem
1010 764 1059 796 qui

158 806 275 830 vocatur
294 805 487 831 Bartolomeus
505 806 538 832 de
555 807 699 832 Florentia
712 808 742 831 in
754 807 879 839 cappella
892 808 985 833 sancte
998 807 1059 833 Ma-

157 851 199 875 rie
211 850 245 875 de
259 850 394 876 Caritatis
412 850 461 875 ubi
480 850 584 877 dicitur
601 851 748 876 Lantrona
767 851 831 876 delli
851 851 940 877 Tusci
959 859 1012 884 pro
1024 851 1059 876 li-

157 895 216 920 bris
233 894 358 927 quinque
375 895 441 920 bon.
461 895 495 920 Et
512 895 616 921 ibidem
629 895 723 921 dolose
736 896 856 921 solenter
867 897 896 920 et
907 897 1059 929 appensate

158 940 280 964 mutavit
292 939 348 968 sibi
367 947 470 970 nomen
486 939 618 965 faciendo
630 940 715 965 scribi
734 940 765 964 in
778 940 858 965 libris
871 940 941 965 dicti
953 939 1059 966 fenera-

158 981 231 1006 toris
249 970 324 1013 quod
343 982 495 1006 vocabatur
513 982 682 1007 Dominicus
699 982 779 1007 Petri
791 981 824 1006 de
841 981 951 1007 Palatio
969 982 1059 1014 Yspa-

157 1027 212 1057 nie,
225 1025 411 1051 convertendo
424 1024 511 1050 dictas
523 1026 654 1058 pecunias
667 1026 698 1050 in
710 1032 776 1050 suos
788 1032 854 1051 usus
864 1026 896 1051 ut
906 1026 960 1051 sibi
969 1025 1059 1058 place-

157 1070 206 1095 bat
221 1070 253 1094 ln
271 1076 357 1102 grave
367 1068 518 1101 dampnum
537 1070 566 1094 et
583 1070 769 1102 preiudicium
787 1069 905 1102 predicti
922 1069 1058 1103 Matthey.

246 1114 319 1139 Item
343 1113 375 1138 in
399 1120 432 1138 eo
451 1113 483 1138 de
500 1121 533 1138 eo
551 1115 579 1138 et
597 1121 682 1146 super
700 1121 734 1139 eo
753 1113 918 1138 Franciscus
935 1112 1059 1139 famosus

159 1160 187 1183 et
203 1158 332 1191 publicus
349 1156 396 1183 fur
413 1158 568 1190 inquisitus
585 1157 734 1189 predictus,
755 1158 825 1182 male
850 1157 930 1183 malis
953 1158 1058 1183 adendo

157 1203 253 1227 mimo
270 1203 299 1227 et
315 1202 474 1227 intentione
491 1201 621 1234 predictis
639 1202 672 1227 de
690 1209 765 1227 anno
784 1203 904 1235 pse-enti
918 1203 946 1227 et
963 1203 1059 1235 proxi-

156 1254 198 1272 me
215 1246 350 1279 preterito
368 1247 396 1270 et
414 1252 508 1271 mense
526 1245 685 1277 decembris,
699 1245 733 1271 de
745 1246 820 1271 dicta
836 1245 921 1272 domo
934 1245 1058 1271 eiusdem

156 1290 284 1324 Matthey
301 1290 408 1316 furatus
425 1289 481 1315 fuit
499 1296 588 1315 unum
612 1290 754 1323 gabanum
781 1289 817 1316 ad
835 1297 915 1315 usum
932 1289 1058 1315 hominis

925 151 1098 188 APPEN
1099 152 1135 187 D
1139 152 1223 188 ICE

1925 151 1995 188 119

1106 283 1195 315 panni
1206 282 1269 307 lane
1287 290 1339 315 pro
1358 283 1508 309 mediatate
1525 283 1627 309 coloris
1640 283 1728 316 rubey
1745 284 1773 308 et
1790 282 1846 307 alia
1857 281 2003 309 mediatate

1106 327 1208 351 coloris
1217 327 1358 358 pavonazi
1375 334 1439 351 cum
1452 328 1570 353 manicis
1581 327 1715 352 foderatis
1727 326 1760 351 de
1774 326 1886 358 sirlcho,
1899 326 2004 352 valoris

1106 372 1135 395 et
1152 371 1343 395 extimationis
1360 371 1496 396 librarum
1508 371 1601 396 decem
1613 372 1687 402 bon.‚
1706 370 1781 403 quod
1793 370 1932 403 gabanum
1943 378 2005 403 spe—

1107 415 1201 440 ctabat
1220 415 1249 439 et
1265 416 1423 447 pertinebat
1440 415 1476 440 ad
1493 416 1599 440 dictum
1612 415 1775 446 Mattheum,
1793 416 1822 440 et
1842 415 2006 440 Franclscus

1107 457 1155 483 fur
1171 458 1325 490 inquisitus
1343 457 1484 491 predictus
1501 459 1569 484 illud
1586 459 1726 492 gabanum
1739 466 1833 484 secum
1846 459 2006 491 exportavit

1095 509 1196 534 ‚usqne
1214 502 1248 527 ad
1266 503 1388 527 castrum
1405 502 1529 535 Lignanl
1553 503 1707 527 comstatus
1733 503 1862 528 Bononie
1883 502 1933 527 ubi
1950 501 2007 527 fuit

1108 547 1213 579 captus,
1232 547 1331 571 contra
1348 546 1523 572 voluntatem
1541 547 1571 571 et
1589 547 1618 570 in
1637 553 1720 579 grave
1739 546 1891 578 dampnum
1903 547 1932 572 et
1944 553 2006 580 pre-

1110 589 1243 615 iudicium
1262 590 1330 615 dieti
1349 590 1486 623 Matthey.

1199 634 1322 667 Seguono
1340 635 1409 659 altri
1425 634 1515 659 undici
1522 635 1608 668 furti,
1621 634 1699 667 fatti
1713 635 1758 659 nel
1767 641 1832 668 1399
1843 635 1909 667 1398
1921 643 1934 659 ι
1946 634 2010 659 anni
2030 630 2032 633 ⁵

1111 676 1284 707 antecedenti,
1302 676 1341 700 ad
1356 676 1432 701 altri.

1346 746 1400 770 Die
1417 745 1508 771 ΧΧΧ·
1527 746 1632 770 mensis
1649 745 1780 771 ianuarii.

1198 796 1335 821 Incohata
1352 797 1381 822 et
1398 795 1521 823 formata
1539 796 1595 822 fuit
1613 797 1689 823 dIcta
1707 797 1857 829 Inquisitio
1875 798 1929 823 etc.

1488 878 1573 902 Dicta
1591 877 1634 902 die

1200 930 1290 963 Super
1308 930 1410 962 quibus
1428 931 1560 956 omnibus
1578 932 1608 956 et
1626 931 1744 964 singulis
1763 932 1815 957 etc.

1482 999 1569 1024 Dicta
1589 1000 1635 1025 die

1199 1057 1260 1089 Ego
1277 1056 1416 1082 Iohannes
1434 1057 1565 1082 notarius
1579 1056 1785 1082 malefficiorum
1797 1059 1952 1089 presentem
1964 1065 2010 1083 co-

1111 1100 1189 1132 piam
1206 1098 1241 1123 ad
1258 1105 1396 1123 cameram
1414 1100 1540 1123 actorum
1558 1099 1671 1131 portavi
1690 1098 1837 1131 ipsamque
1855 1106 1898 1124 ser
1910 1099 2009 1125 Iacobo

1113 1140 1146 1166 de
1163 1141 1338 1165 Blanchectis
1355 1140 1469 1165 notario
1487 1139 1559 1165 dicte
1577 1147 1683 1164 camere
1702 1140 1766 1165 dedi
1792 1142 1819 1165 et
1844 1142 2009 1174 consignavi

1113 1184 1141 1208 et
1159 1182 1305 1215 relapsavi.

1315 1242 1491 1270 M⁰ccccn
1508 1243 1554 1269 die
1572 1243 1669 1270 XXXI
1686 1244 1807 1270 ianuar-i.

1199 1287 1354 1314 Productus
1373 1287 1408 1312 ad
1426 1295 1575 1314 cameram.

615 1515 891 1550 ΑΝΝΟΤΑΖῙΟΝΕ
912 1525 950 1549 m
972 1515 1135 1549 MATTEO
1158 1515 1342 1549 Glurrom
1366 1515 1541 1550 ΙυΝῑοιυιι

247 1664 386 1690 Memoria
404 1664 436 1689 de
455 1664 554 1689 alcune
571 1671 634 1690 cose
650 1664 700 1689 che
720 1670 809 1690 sonno
828 1665 859 1689 ln
879 1671 912 1689 su
926 1663 953 1689 la
963 1664 1057 1696 prima

157 1707 234 1732 carta
245 1703 354 1739 d[ella]¹
373 1705 515 1732 Cronicha
527 1706 626 1731 scritta
638 1705 670 1730 de
683 1712 766 1730 mano
779 1705 809 1730 di
823 1713 928 1731 messer
941 1704 1056 1731 Matheo

158 1749 193 1774 de
210 1755 311 1774 messer
329 1746 509 1781 Gu[iduccio]
529 1747 669 1773 Ghriffoni
681 1747 751 1773 della
768 1747 849 1780 quale
861 1748 938 1773 carta
949 1755 1009 1773 non
1026 1754 1056 1772 se

157 1797 194 1815 ne
213 1790 322 1816 ritrova
339 1789 389 1824 piu
408 1797 438 1824 se
456 1798 515 1815 non
527 1798 584 1816 uno
597 1790 708 1823 peciolo
720 1797 806 1823 sopra
819 1789 860 1815 dil
872 1789 936 1822 qual
948 1789 1056 1822 peciolo

159 1833 180 1858 li
197 1839 288 1857 sonno
305 1833 384 1858 scriti
402 1839 434 1857 su
452 1832 479 1857 le
497 1831 667 1861 infrascritte
683 1838 756 1863 cose,
774 1831 920 1863 finquanto
945 1833 969 1857 si
993 1839 1057 1864 pos-

159 1881 230 1899 sono
247 1874 346 1907 legere,
364 1873 425 1900 cioe
439 1873 475 1900 da
486 1875 514 1900 la
525 1874 619 1907 prima
635 1873 747 1900 facinea
765 1873 786 1898 li
799 1871 814 1898 ὲ
827 1874 925 1898 scritto
938 1874 1056 1905 questoz

247 1916 370 1942 Mundus
387 1918 496 1942 creatus
507 1915 563 1941 fuit
575 1917 641 1942 ante
652 1916 896 1941 constructionem
909 1916 987 1940 urbis
999 1916 1056 1941 Ro-

160 1966 205 1984 me
234 1965 285 1991 per
313 1966 403 1984 annos
433 1959 633 1990 quatum-milia
663 1957 869 1991 quadringenta
896 1958 1058 1990 octuaginta

160 2000 281 2032 quatuor
298 1997 360 2025 cine
378 1999 457 2032 4484.

247 2041 322 2066 Urbs
344 2039 434 2066 Rome
458 2041 616 2066 constructa
633 2040 689 2066 fuit
706 2042 772 2066 ante
795 2040 974 2066 nativitatem
998 2023 1076 2066 Do-⁸

162 2084 233 2109 mini
250 2084 341 2109 nostri
358 2084 444 2109 Hiesu
463 2083 572 2109 Christi
589 2090 641 2116 per
652 2080 1057 2116 sepingentos(s1'c)quinqua-

161 2127 242 2160 ginta
258 2128 343 2152 unius
360 2125 422 2151 cioe
442 2131 492 2158 751
512 2134 529 2152 a
547 2133 608 2162 nos5
644 2127 682 2151 Et
699 2126 781 2158 quelo
799 2125 849 2151 che
875 2125 992 2151 mancha
1010 2126 1058 2158 qui

161 2169 190 2194 di
206 2170 290 2202 sopra
306 2169 338 2194 ln
356 2168 419 2201 quei
436 2168 557 2194 straccio
576 2175 635 2193 non
653 2169 678 2193 si
690 2167 771 2201 p[uo]
783 2168 870 2201 legere
883 2168 932 2193 che
944 2168 966 2193 li
980 2175 1058 2193 man-

161 2212 214 2238 cha
230 2212 257 2236 la
274 2213 352 2238 carta
368 2210 419 2237 che
436 2209 452 2237 ὲ
470 2211 613 2236 straciata.

249 2255 286 2280 Et
303 2254 340 2279 da
354 2253 382 2280 ln
397 2253 471 2279 ficia
488 2253 516 2278 di
533 2254 632 2286 questo
649 2252 759 2286 peciolo
772 2253 801 2279 di
813 2254 890 2279 carta
900 2252 936 2278 lie
950 2250 965 2277 ὲ
978 2252 1058 2277 scrit-

162 2299 191 2323 to
210 2295 318 2330 sop[ra]
335 2296 362 2321 le
380 2294 551 2322 infrana-itte
568 2302 642 2321 cose:

461 2367 547 2392 Anno
565 2367 686 2393 Domini
705 2372 767 2398 700.

233 2423 353 2456 Pipinus
362 2428 411 2447 rex
421 2421 537 2447 Francie
547 2420 579 2446 de
591 2421 722 2447 mandato
733 2421 862 2455 stephani
874 2428 947 2455 pape
956 2420 1062 2455 s[ecun-

239 2538 248 2551 ¹
259 2537 373 2558 Archivio
383 2536 407 2557 di
417 2537 482 2557 Stato
492 2535 514 2556 di
524 2536 636 2563 Bologna.
648 2535 765 2557 Archivio
774 2535 893 2562 Fmtuzzi,
908 2536 979 2557 busta
989 2542 1014 2558 n.
1024 2536 1058 2561 ⁶1.

159 2570 207 2591 LL.
221 2569 353 2590 “Memorio
366 2568 460 2590 antiche
474 2568 536 2589 della
546 2574 600 2589 cass
614 2568 714 2590 Griifoni
722 2583 743 2596 ,.
757 2568 839 2596 Foglio
850 2569 944 2590 volante
956 2567 980 2589 di
991 2574 1059 2589 mano

160 2603 184 2624 dl
193 2603 285 2624 Matteo
301 2602 403 2623 Griffoui
417 2602 518 2624 iuniore.

1109 1663 1149 1696 di]
1167 1664 1249 1689 venit
1267 1665 1298 1689 in
1316 1663 1426 1690 ItaIIam
1443 1671 1507 1689 cum
1526 1663 1651 1690 maximo
1662 1665 1784 1689 exercitu
1802 1652 1948 1697 acepsst]
1966 1671 2008 1689 re·-

1109 1713 1173 1738 gem
1190 1705 1333 1732 Astulfum
1351 1707 1380 1731 et
1397 1704 1465 1731 fecit
1482 1706 1575 1737 ipsum
1588 1705 1681 1730 iurare
1693 1707 1868 1731 sacramenta
1880 1705 2007 1731 Ecclesie.

1418 1789 1522 1815 Eodem
1540 1796 1615 1815 anno
1636 1795 1697 1821 700.

1197 1843 1311 1876 Corpus
1330 1844 1421 1869 sancti
1440 1843 1583 1868 Benedicti
1599 1842 1656 1867 fuit
1673 1842 1865 1868 translactum.

1196 1888 1232 1913 Et
1251 1895 1311 1912 non
1328 1889 1353 1913 si
1371 1886 1428 1920 pub
1446 1887 1535 1920 legere
1553 1887 1626 1912 altro
1650 1894 1703 1919 per
1725 1886 1775 1911 che
1793 1884 1808 1911 ὲ
1833 1887 1964 1912 straciata
1981 1887 2008 1911 la

1109 1932 1187 1957 carta
1204 1933 1232 1956 et
1248 1932 1270 1956 li
1289 1938 1396 1956 manca.

1197 2000 1240 2024 La
1257 1998 1326 2025 cittis
1343 2000 1372 2025 di
1390 1999 1516 2032 Bologna
1533 1998 1565 2024 fu
1582 1999 1708 2024 edificata
1728 2000 1823 2024 inanci
1840 2000 1867 2024 la
1885 1996 1956 2024 citta
1976 2000 2005 2024 di

1108 2043 1200 2067 Roma
1219 2041 1248 2066 dl
1267 2043 1335 2066 anni
1354 2043 1436 2066 cento
1455 2041 1528 2066 dieci
1547 2041 1574 2066 la
1591 2041 1671 2073 quale
1690 2041 1718 2065 fu
1737 2039 1862 2065 edificata
1886 2040 1922 2065 da
1946 2040 2006 2065 Fel-

1108 2085 1173 2109 sino
1191 2090 1221 2108 re
1238 2083 1271 2109 de
1289 2083 1315 2109 la
1333 2084 1445 2109 Etruria
1457 2085 1492 2117 ‘et
1509 2082 1540 2108 fu
1559 2083 1738 2108 adimandata
1750 2083 1859 2108 Felsina
1873 2083 1902 2106 et
1920 2082 2004 2114 dopoi

1110 2126 1138 2151 su
1156 2125 1335 2151 adimandata
1353 2126 1486 2150 Bononia
1503 2125 1538 2150 da
1550 2125 1630 2149 Bono
1649 2132 1678 2149 re
1696 2131 1837 2150 sucessore
1850 2124 1878 2148 di
1896 2124 2006 2149 Felsino

1109 2174 1188 2193 come
1206 2168 1295 2192 scrive
1315 2174 1417 2193 messer
1439 2167 1522 2192 Carlo
1540 2166 1659 2199 Sigonio
1677 2166 1723 2191 nel
1739 2166 1811 2191 libro
1830 2167 1922 2199 primo
1940 2166 2008 2192 delle

1110 2210 1237 2235 Historie
1256 2209 1286 2234 di
1304 2209 1431 2242 Bologna
1448 2217 1466 2234 a
1483 2216 1506 2234 c.
1527 2216 1543 2240 4
1561 2210 1589 2233 et
1608 2213 1632 2239 5.

1200 2252 1275 2276 Nota
1292 2251 1342 2276 che
1359 2250 1485 2276 Historie
1505 2250 1535 2275 di
1553 2250 1680 2282 Bologna
1696 2249 1746 2275 che
1765 2250 1802 2275 ha
1819 2250 1918 2275 scritto
1937 2257 2007 2275 mes-

1111 2301 1156 2319 ser
1178 2293 1260 2319 Carlo
1279 2293 1396 2326 Sigonio
1414 2293 1440 2317 le
1458 2292 1541 2324 qualli
1560 2299 1651 2317 sonno
1670 2293 1808 2324 stampate
1825 2292 1871 2317 sin
1888 2298 1905 2316 a
1917 2293 2008 2325 questi

1111 2336 1141 2361 di
1159 2338 1188 2362 et
1205 2335 1254 2360 che
1271 2342 1362 2361 sonno
1379 2335 1464 2373 fuori,
1477 2342 1566 2360 sonno
1584 2341 1636 2367 per
1653 2334 1750 2359 insino
1763 2334 1790 2359 al
1802 2341 1877 2359 anno
1898 2338 1966 2366 1257
1979 2336 2008 2360 et

1112 2385 1170 2404 non
1187 2384 1308 2411 passano
1326 2375 1376 2410 pin
1394 2376 1474 2408 oltra,
1493 2376 1519 2401 le
1536 2375 1620 2408 quani
1639 2382 1730 2400 sonno
1748 2375 1836 2400 divise
1848 2376 1878 2400 in
1889 2376 1955 2401 libri
1968 2375 2008 2401 VI

1112 2419 1173 2446 cioe
1189 2421 1255 2446 libri
1274 2421 1324 2446 sei.

1192 2536 1202 2550 ¹
1214 2536 1248 2556 Le
1262 2535 1341 2562 parole
1351 2534 1470 2556 rnechiuse
1479 2535 1516 2555 tn
1529 2533 1645 2561 parentesi
1656 2533 1743 2560 qundre
1752 2539 1799 2554 non
1813 2533 1833 2554 si
1844 2533 1946 2561 leggono
1958 2534 2009 2554 nel-

1114 2567 1138 2588 la
1152 2567 1217 2588 e'nrta
1231 2566 1274 2587 che
1289 2565 1301 2587 ἒ
1317 2566 1402 2587 lacem.

2038 668 2070 696 10

2040 1002 2071 1030 15

2037 1249 2074 1276 20

2036 1702 2069 1730 25

2034 2002 2070 2030 30

2034 2214 2068 2242 35

2035 2408 2072 2436 40
