2242 3418
74 1038 111 1071 15

70 1305 112 1336 20

70 1567 111 1601 25

70 1835 113 1867 30

58 2367 116 2400 ,40

77 2632 118 2664 45

138 170 220 207 [ΑΑ.
240 171 424 206 1392-1394]
721 162 1043 199 MEMORIALE
1070 162 1399 199 HISTORICUM
1932 161 1979 198 85

137 307 272 340 papam,
297 307 400 330 causa
422 297 677 330 reconciliandi
701 306 846 329 comune
869 295 1046 328 Bononiae
1070 306 1148 328 cum
1173 295 1314 328 domino
1337 306 1428 338 papa
1450 301 1485 328 et
1508 297 1649 328 fuerunt
1671 301 1741 329 tres
1770 294 1983 328 ambaxiato-

138 361 202 390 res,
225 350 407 383 videlicet:
433 350 593 383 dominus
615 350 787 393 Ugolinus
811 350 854 382 de
878 349 1026 391 Scappis
1048 349 1163 393 legum
1194 348 1327 388 doctor,
1356 349 1516 382 dominus
1546 349 1722 393 Johannes
1753 348 1796 381 de
1819 348 1982 381 Canitulo

137 404 250 447 leg-um
273 403 398 436 doctor
420 409 455 436 et
477 403 650 436 Musottus
673 403 717 435 de
739 402 916 435 Malviciis
939 407 1110 434 mercator
1132 402 1240 434 sirici,

224 455 356 488 Eodem
379 465 482 495 anno,
506 455 868 494 M.CCCLXXXX11‚
892 455 950 487 die
973 465 1023 487 xv
1046 454 1209 488 octobris.
1227 473 1269 478 -
1285 455 1453 488 Dominus
1476 455 1598 488 Petrus
1614 455 1657 488 de
1674 454 1916 488 Gambacurtis
1940 454 1984 486 de

136 509 237 547 Pisis,
254 509 413 542 dominus
435 509 603 549 Pisarum,
620 509 688 541 fuit
703 513 856 541 mortuus
872 508 909 540 in
925 508 1016 540 Pisis
1031 512 1066 540 et
1081 508 1193 550 ipsum
1209 508 1297 541 mori
1314 509 1400 541 fecit
1416 519 1470 541 ser
1483 508 1635 552 Jacobus
1652 509 1695 541 de
1710 508 1821 541 Piano
1843 513 1986 550 propter

136 561 315 595 invidiam.
363 562 408 595 Et
431 568 515 595 tunc
539 563 654 595 dictus
676 572 731 595 ser
751 562 903 605 Jacobus
925 562 994 594 fuit
1011 562 1125 594 factus
1139 561 1238 594 miles
1253 567 1288 595 et
1304 561 1506 604 capitaneus
1521 567 1556 594 et
1572 567 1793 594 conservator
1815 561 1984 599 Pisarum,

137 620 240 657 prout
261 615 374 658 primo
397 620 471 648 erat
494 616 608 648 dictus
631 615 791 648 dominus
812 614 936 647 Petrus
959 614 1003 647 de
1027 614 1278 647 Gambacurtis.

225 667 357 700 Eodem
380 678 483 708 anno,
507 668 566 701 die
589 678 665 701 xxv
687 667 894 701 novembris.
919 687 961 691 —
992 668 1139 700 Reversi
1170 668 1310 700 fuerunt
1341 669 1567 711 suprascripti
1591 673 1660 701 tres
1682 668 1934 700 ambaxiatores
1964 677 1985 698 a

136 721 277 753 domino
300 732 391 764 papa
413 727 448 754 et
471 727 638 754 venerunt
661 731 740 754 cum
763 720 1049 754 reconciliatione
1072 720 1204 753 domini
1227 731 1339 764 papae
1362 720 1533 754 Bonifatii
1556 721 1641 754 noni
1665 726 1700 754 et
1724 731 1802 754 cum
1826 719 1986 753 omnibus

137 774 260 818 gratiis
282 780 316 807 et
339 774 577 819 indulgentiis,
602 784 687 818 quas
710 775 902 807 voluerunt.

224 827 356 860 Eodem
379 837 482 867 anno,
505 827 563 860 die
586 827 698 870 primo
722 827 924 860 decembris.
956 846 997 851 —
1029 827 1224 870 Episcopus
1247 837 1357 860 novus
1379 827 1557 861 Bononiae
1580 828 1724 861 intravit
1747 828 1985 871 episcopatum

136 886 170 913 et
193 880 262 912 fuit
285 880 446 913 dominus
468 879 726 913 Bartolomaeus
750 880 793 913 de
816 879 984 920 Bononia,
1000 872 1115 913 ‘abbas
1138 881 1249 913 sancti
1273 880 1414 921 Felicis,
1438 882 1497 925 qui
1521 881 1591 914 suit
1620 882 1812 924 postulatus
1842 892 1904 924 per
1928 890 1986 913 co-

137 943 239 965 mune
263 931 442 966 Bononiae
464 939 500 966 et
522 933 591 966 fuit
614 934 715 966 valde
738 933 848 966 bonus
870 934 973 966 homo
996 939 1031 966 et
1054 934 1142 966 fecit
1157 934 1259 967 valde
1273 934 1362 967 bene
1378 935 1531 977 reparari
1547 935 1731 967 ecclesiam
1747 934 1860 967 sancti
1876 934 1984 966 Petri.

225 986 604 1026 M.CCCL)Q<XX111‚
621 986 678 1019 die
694 996 814 1028 xxv11J
827 986 916 1029 julii.
935 1006 975 1010 —
993 987 1092 1020 Obiit
1115 987 1258 1019 illustris
1281 987 1453 1027 dominus,
1477 987 1636 1020 dominus
1651 987 1815 1032 Albertus
1831 987 1985 1020 Estensis

137 1039 305 1079 marchio,
329 1040 489 1073 dominus
511 1039 692 1072 Ferrariae
715 1045 750 1072 et
771 1039 939 1073 Mutinae.
987 1040 1031 1072 Et
1054 1050 1096 1072 ex
1118 1050 1159 1073 eo
1183 1041 1347 1073 remansit
1369 1050 1457 1073 unus
1480 1041 1571 1074 filius
1586 1041 1709 1074 aetatis
1732 1051 1855 1074 novem
1877 1050 1986 1074 anno-

136 1103 223 1132 rum,
247 1093 387 1125 nomine
410 1093 589 1133 Nicolaus,
613 1093 673 1137 qui
697 1093 861 1126 remansit
884 1093 922 1125 in
944 1093 1103 1126 manibus
1126 1093 1258 1126 domini
1282 1092 1417 1137 Filippi
1441 1094 1485 1126 de
1507 1094 1675 1127 Robertis
1697 1099 1732 1127 et
1755 1094 1919 1127 Iohannis
1943 1094 1986 1126 de

135 1145 169 1177 la
194 1145 274 1178 Sale
297 1146 334 1178 in
358 1146 477 1189 spetie.

224 1198 358 1231 Eodem
380 1210 482 1232 anno.
508 1219 549 1223 ——
572 1200 742 1233 Dominus
765 1199 973 1233 Franciscus
996 1200 1040 1233 de
1064 1200 1201 1234 Sassolo
1218 1200 1362 1233 intravit
1377 1206 1527 1233 castrum
1543 1201 1875 1240 Montisbaronzoni,
1892 1201 1986 1244 quod

136 1251 275 1284 tenebat
299 1252 414 1285 dictus
436 1253 602 1292 marchio,
626 1259 661 1286 et
683 1253 780 1286 dicta
803 1253 846 1286 de
870 1263 974 1286 causa
996 1253 1111 1286 dictus
1133 1253 1289 1286 marchio
1312 1253 1406 1286 misit
1437 1264 1596 1296 campum
1612 1254 1657 1286 ad
1680 1254 1881 1296 Rodiglam‚
1905 1254 1987 1296 quia

135 1303 246 1336 Actus
270 1305 314 1337 de
336 1305 491 1349 Rodigla
513 1305 746 1339 auxiliabatur
769 1306 865 1338 dicto
882 1306 1021 1339 domino
1037 1305 1238 1339 Francisco.
1284 1306 1329 1339 Et
1345 1311 1427 1338 tunc
1444 1305 1679 1339 Bononienses
1702 1307 1868 1339 miserunt
1883 1307 1986 1350 Jaco-

136 1357 218 1390 bum
241 1358 285 1390 de
309 1358 541 1392 Griffonibus'
565 1360 611 1392 ad
633 1359 852 1392 tractandum
875 1369 996 1402 pacem
1020 1359 1112 1392 inter
1134 1359 1310 1392 dominum
1337 1359 1572 1392 marchionem
1596 1365 1630 1392 et
1652 1360 1850 1402 praedictos
1874 1360 1986 1392 domi-

135 1421 217 1442 num
240 1409 467 1444 Franciscum
490 1418 524 1444 et
539 1410 684 1451 Actum;
708 1418 743 1445 et
765 1412 927 1445 similiter
941 1412 1128 1445 Venetiani
1152 1413 1319 1445 miserunt
1342 1422 1422 1445 suos
1444 1413 1707 1453 ambaxiatores,
1731 1413 1792 1456 qui
1808 1413 1986 1446 ambaxia-

137 1468 228 1496 tores
244 1464 470 1497 Venetiarum
485 1470 520 1498 et
543 1464 721 1498 Bononiae
744 1470 980 1498 tractaverunt
1004 1465 1134 1499 dictam
1150 1476 1272 1509 pacem
1288 1471 1323 1499 et
1339 1465 1452 1499 subito
1469 1476 1612 1509 campus
1629 1466 1759 1500 domini
1776 1466 1988 1499 marchionis

137 1516 296 1550 discessit
320 1518 363 1550 de
387 1528 520 1561 campo.

225 1570 358 1603 Eodem
381 1581 483 1604 anno.
507 1590 548 1595 —
572 1571 755 1605 Mathaeus
778 1573 821 1605 de
845 1572 1065 1606 Griffonibus
1087 1572 1209 1605 missus
1233 1572 1302 1606 fuit
1332 1583 1396 1616 pro
1427 1573 1663 1606 ambaxiatore
1693 1573 1850 1606 comunis
1873 1572 1987 1606 Bono-

136 1622 215 1655 niae
237 1624 284 1656 ad
307 1624 484 1656 dominum
507 1635 643 1668 papam,
666 1623 882 1658 Bonifatium
905 1636 1031 1669 papam
1055 1635 1195 1666 nonum,
1219 1626 1279 1669 qui
1303 1626 1416 1660 stabat
1441 1626 1479 1658 in
1493 1626 1647 1659 Perusio.

224 1675 357 1709 Eodem
380 1687 482 1717 anno,
507 1677 565 1710 die
587 1678 699 1720 primo
723 1679 870 1723 augusti.
903 1697 944 1701 ——
978 1678 1140 1722 Sepultus
1170 1679 1239 1712 fuit
1270 1679 1415 1712 illustris
1445 1680 1605 1712 dominus
1635 1678 1799 1713 Albertus
1830 1680 1987 1712 marchio

135 1728 299 1769 Estensis,
324 1730 484 1762 dominus
506 1730 659 1764 civitatis
682 1730 863 1764 Ferrariae
885 1737 920 1765 et
942 1732 1112 1772 Mutinae,
1135 1733 1259 1766 relicto
1274 1733 1379 1766 unico
1395 1733 1467 1765 filio
1491 1743 1551 1765 suo
1577 1733 1717 1766 domino
1733 1733 1871 1774 Nicolo‚
1894 1738 1988 1766 aeta-

135 1781 181 1814 tis
204 1792 327 1815 novem
350 1793 519 1816 annorum
542 1784 597 1816 vel
621 1785 726 1818 circa.

224 1835 620 1870 M.CCCLXXXXIIII.
644 1838 777 1871 Eodem
800 1848 903 1878 anno,
929 1839 972 1872 de
994 1849 1110 1872 mense
1133 1839 1345 1882 septembris.
1371 1858 1412 1863 --
1428 1840 1592 1873 Elevatus
1615 1840 1684 1873 fuit
1706 1850 1824 1873 rumor
1849 1840 1886 1872 in
1909 1840 1984 1883 pla-

137 1894 193 1920 tea
215 1889 371 1921 comunis
393 1887 581 1930 Bononiae,
598 1891 752 1934 tempore
775 1892 961 1924 creationis
984 1892 1173 1925 corectoris
1196 1893 1419 1932 notariorum,
1444 1898 1478 1925 et
1501 1898 1584 1926 tunc
1611 1899 1709 1936 septa
1737 1894 1869 1926 domini
1897 1892 1989 1927 Cha-

138 1941 205 1973 roli
222 1942 265 1974 de
280 1941 515 1975 Zambecariis
531 1948 565 1975 et
581 1943 727 1976 aliorum
743 1945 884 1978 fuerunt
901 1945 1051 1988 depositi
1074 1956 1138 1988 per
1159 1951 1291 1989 septam
1308 1945 1441 1978 domini
1465 1945 1647 1979 Francisci
1671 1947 1715 1979 de
1737 1946 1988 1989 Ramponibus,

138 1995 273 2027 Nannis
289 1995 332 2027 de
348 1995 538 2028 Gozadinis
553 2002 587 2028 et
611 1997 767 2030 aliorum.
814 1998 860 2030 Et
882 2004 1012 2040 postea,
1038 1999 1081 2030 de
1097 2009 1212 2031 mense
1230 1998 1425 2031 novembris
1440 1999 1608 2042 sequenti,
1625 2000 1766 2032 fuerunt
1783 2000 1871 2032 cassi
1888 1999 1988 2032 multi

138 2047 183 2079 de
205 2047 327 2080 officiis
348 2054 384 2081 et
406 2048 595 2082 honoribus
617 2055 652 2082 et
675 2050 835 2083 dominus
857 2051 1030 2095 Ugolinus
1053 2052 1097 2084 de
1121 2051 1270 2095 Scappis
1300 2052 1414 2096 legum
1448 2053 1571 2085 doctor
1597 2058 1632 2086 et
1663 2053 1839 2096 Johannes
1864 2053 1989 2097 Jacobi

138 2100 247 2133 Oritti
269 2101 410 2134 fuerunt
424 2101 526 2134 ambo
543 2102 719 2136 confinati.
742 2102 816 2136 Alii
839 2104 939 2137 multi
956 2105 1096 2137 fuerunt
1112 2105 1241 2147 privati
1258 2106 1404 2138 consilio
1427 2111 1463 2139 et
1485 2105 1564 2138 aliis
1587 2106 1776 2139 honoribus
1799 2111 1833 2139 et
1856 2106 1989 2145 officiis,

139 2154 231 2186 inter
253 2164 339 2197 quos
361 2155 502 2188 fuerunt
518 2155 677 2188 dominus
692 2157 838 2190 Carolus
861 2157 905 2190 de
927 2157 1162 2190 Zambecariis
1187 2159 1319 2198 doctor,
1336 2159 1487 2202 Jacobus
1504 2159 1547 2191 de
1570 2159 1799 2199 Griffonibus,
1823 2159 1990 2192 Nicolaus

128 2208 183 2239 ·de
198 2207 443 2247 Zambecariis,
467 2208 605 2254 Oppico
629 2209 673 2242 de
695 2209 877 2255 Liacariis,
900 2210 1083 2255 Liacarius
1107 2212 1151 2244 de
1172 2211 1355 2256 Liacariis,
1380 2212 1532 2257 Gucolus
1556 2213 1600 2245 de
1622 2212 1856 2252 Manionibus,
1873 2213 1990 2246 Guido

140 2261 184 2292 de
206 2260 408 2304 Mancolino
433 2261 596 2301 notarius,
626 2262 803 2305 Johannes
827 2264 870 2296 de
904 2264 1113 2297 Dessideriis
1143 2270 1178 2297 et
1201 2265 1300 2298 multi
1324 2265 1396 2298 alii.
1443 2265 1487 2298 Et
1510 2271 1654 2308 propter
1676 2265 1777 2298 istam
1801 2266 1990 2299 novitatem

139 2313 239 2346 multi
263 2313 357 2346 cives
379 2314 521 2347 fuerunt
543 2315 646 2348 valde
674 2316 786 2360 gavisi
816 2322 851 2350 et
874 2317 1074 2350 levaverunt
1104 2318 1207 2351 valde
1231 2324 1346 2362 caput,
1371 2319 1453 2362 quia
1475 2319 1639 2351 viderunt
1663 2319 1870 2352 divisionem
1901 2319 1992 2351 inter

139 2367 355 2399 adversarios
371 2377 450 2399 suos
456 2380 465 2406 3
482 2373 516 2400 et
539 2369 714 2402 sciverunt
730 2370 847 2403 taliter
861 2371 978 2403 facere
1001 2377 1036 2404 et
1059 2371 1222 2404 ordinare
1237 2371 1274 2403 in
1290 2372 1431 2415 populo,
1449 2373 1544 2415 quod
1566 2372 1630 2411 illi,
1648 2372 1708 2415 qui
1724 2377 1824 2404 erant
1841 2372 1991 2415 depositi

140 2425 175 2452 et
190 2419 266 2451 alii'
282 2419 392 2452 nichil
408 2426 567 2463 poterant
583 2422 620 2453 in
635 2422 802 2456 Bononia.
849 2423 895 2456 Et
910 2423 955 2457 ob
971 2424 1020 2464 id,
1036 2424 1194 2457 videntes
1218 2425 1377 2458 dominus
1400 2425 1569 2459 Charolus
1593 2435 1671 2457 cum
1694 2425 1764 2457 suis
1779 2430 1814 2458 et
1831 2425 1990 2458 dominus

141 2471 350 2505 Franciscus
373 2474 418 2506 de
439 2474 681 2517 Ramponibus
711 2481 746 2508 et
769 2477 910 2510 Nannes
934 2478 978 2510 de
1002 2478 1194 2522 Gocadinis
1218 2489 1296 2511 cum
1323 2479 1394 2511 suis
1428 2479 1522 2522 quod
1546 2478 1607 2511 illa
1632 2478 1767 2511 divixio
1791 2484 1865 2511 erat
1888 2489 1992 2511 causa

142 2526 387 2559 destructionis
421 2538 502 2560 suae
532 2533 566 2560 et
596 2535 670 2561 erat
701 2539 804 2563 causa
834 2530 1083 2564 sublevationis
1114 2531 1224 2574 partis
1262 2532 1579 2571 Maltraversorum,
1612 2531 1926 2564 reconciliaverunt
1956 2542 1992 2564 se

142 2586 273 2612 secrete
289 2580 335 2612 ad
351 2580 518 2620 invicem3
536 2587 570 2614 et
586 2582 644 2614 die
660 2592 754 2625 xan
776 2584 903 2616 mensis
919 2585 1122 2624 decembris,
1141 2585 1237 2618 circa
1254 2586 1339 2619 duas
1356 2587 1458 2618 horas
1474 2585 1597 2625 noctis,
1614 2585 1738 2617 armati
1758 2595 1875 2617 omnes
1891 2586 1992 2617 simul

142 2639 310 2666 venerunt
333 2633 370 2665 in
393 2634 553 2676 plateam,
569 2635 735 2669 videlicet
757 2634 986 2677 Zambecarii,
1011 2638 1202 2679 Ghisilerii,
1220 2639 1398 2679 Guidocti,
1423 2638 1606 2678 Gozadini‚
1630 2638 1840 2680 Rampones,
1868 2638 1993 2677 Oretti‚

145 2686 188 2719 de
211 2685 385 2727 Canitulo,
409 2686 575 2732 Liacarii‚
606 2689 831 2734 Mecovilani,
854 2689 1070 2736 Bentevogli,
1096 2692 1270 2733 Malvicii,
1293 2692 1504 2737 Papacones,
1528 2691 1697 2731 Thorelli,
1721 2691 1925 2731 Hostexani,
1950 2691 1993 2724 de

234 2842 251 2867 4
270 2835 381 2868 Petrus]
400 2839 515 2861 corretto
533 2845 563 2861 su
581 2836 721 2862 Iohannes
740 2851 773 2856 —
794 2841 875 2869 27-29
887 2838 999 2864 Notizn‘a
1017 2839 1152 2871 aggiunta
1165 2837 1215 2870 pin)
1234 2839 1312 2864 tardi
1329 2853 1362 2858 -
1381 2845 1416 2871 30
1435 2837 1540 2871 mense]
1557 2846 1638 2871 segue
1662 2837 1784 2863 octobris
1802 2838 1947 2862 cancellato
1961 2851 1993 2855 —

148 2881 181 2908 39
200 2878 281 2902 multi
299 2877 386 2910 cives]
404 2880 496 2903 scritto
514 2887 544 2903 su
563 2879 731 2904 raschiatura
750 2893 783 2899 -
803 2886 883 2913 4o·41
906 2881 1041 2913 quod....
1060 2880 1158 2913 nichil]
1172 2881 1266 2913 prima
1284 2882 1441 2914 leggevau':
1460 2881 1536 2914 quod
1554 2888 1605 2905 nec
1624 2880 1665 2905 illi
1683 2881 1732 2913 qui
1756 2881 1837 2905 erant
1861 2880 1992 2912 depositi,

145 2927 196 2944 nec
214 2921 301 2945 etiam
318 2921 367 2946 alii
385 2921 472 2946 nichil
491 2935 523 2940 —
542 2921 576 2954 46
597 2921 698 2954 Orettl,
718 2922 752 2947 de
773 2922 916 2956 Canitulo]
934 2924 1027 2949 scritto
1045 2932 1074 2948 su
1093 2924 1263 2949 raschiatura

2060 1002 2080 1018 c.
2095 1001 2138 1020 1⁴5
2152 1002 2166 1015 Β

2062 1370 2138 1395 Mun„
2154 1370 2195 1389 202

2071 2442 2091 2458 c.
2107 2435 2148 2459 14⁶
2163 2443 2177 2455 a
