2196 3424
124 226 207 264 [ΛΑ.
227 225 402 262 imo-1³³2]
705 216 1026 256 MEMORIALE
1055 215 1381 256 HISTORICUM
1914 210 1962 251 39

214 353 345 386 Eodem
368 362 470 385 ann0.
495 370 536 375 -
560 351 728 384 Dominus
750 351 953 384 Passarinus
976 351 1019 383 de
1042 350 1077 383 la
1092 350 1197 383 Turri
1215 350 1258 383 de
1273 349 1475 383 Mediolano
1491 349 1559 382 fuit
1575 355 1689 383 rector
1703 349 1888 382 Bononiae
1905 356 1969 390 pro

126 405 286 439 secundis
308 404 491 438 mensibus.

213 457 492 492 M.CCCXXXI.
505 458 639 491 Eodem
655 468 758 496 anno,
775 457 819 490 de
834 467 949 490 mense
965 457 1091 489 martii.
1110 474 1147 480 —
1166 456 1334 489 Dominus
1357 456 1546 489 cardinalis
1561 455 1754 489 Hostiensis
1769 465 1833 499 pro
1850 455 1970 488 defen-

126 512 222 546 sione
245 517 352 544 status
374 510 552 543 Ecclesiae
575 516 610 543 et
632 510 685 543 sui
708 510 863 552 incoepit
886 509 960 542 fieri
984 510 1101 553 facere
1123 518 1228 541 unum
1244 509 1402 551 pulcrum
1419 509 1596 541 castellum
1613 519 1691 541 cum
1706 508 1838 551 pulcris
1853 507 1972 547 muris,

84 565 103 598 5
128 565 249 604 foveis,
273 563 422 597 ecclesia
444 569 479 596 et
501 564 580 596 aliis
603 563 640 596 in
663 563 821 596 Bononia
843 563 889 595 ad
912 568 1046 605 portam
1070 561 1244 595 Galleriae
1265 560 1361 605 juxta
1383 562 1551 604 Campum
1579 562 1662 595 Fori
1691 567 1726 595 et
1748 571 1853 594 unum
1876 561 1973 594 aliud

129 617 305 651 castellum
328 617 366 649 in
390 617 532 649 civitate
555 616 692 649 Imolae.

216 670 349 703 Eodem
372 679 474 702 anno.
499 688 540 693 —
563 669 745 702 Rolandus
768 669 812 701 de
834 668 978 708 Rubeis,
1002 668 1062 712 qui
1086 673 1207 710 captus
1229 673 1303 700 erat
1326 668 1515 707 Bononiae,
1539 678 1602 710 per
1625 669 1800 701 dominum
1823 669 1974 712 legatum

128 724 196 757 fuit
219 723 400 756 relassatus
424 723 467 755 de
490 721 689 755 carceribus
712 720 845 754 domini
869 722 986 765 legati,
1010 721 1089 754 loco
1113 721 1246 753 domini
1262 720 1485 759 Beltramoni,
1502 721 1562 764 qui
1578 727 1651 754 erat
1667 727 1789 764 captus
1804 722 1973 754 Mutinae.

217 776 349 808 Eodem
372 785 474 808 anno.
501 793 538 799 —-
564 775 733 808 Dominus
754 774 940 818 Johannes,
965 784 1025 806 rex
1047 773 1220 812 Boemiae,
1245 773 1340 805 venit
1362 773 1619 813 Lombardiam,
1644 784 1747 807 causa
1763 774 1975 817 pacificandi

67 832 106 864 10
130 830 239 874 ipsam
276 834 400 868 totam,
432 834 466 861 et
501 827 622 861 habuit
651 827 817 866 Brixiam,
849 826 1066 866 Cremonam,
1098 826 1314 870 Pergamum,
1346 826 1515 865 Parmam,
1547 826 1708 871 Regium,
1739 827 1912 860 Mutinam
1942 832 1978 859 et

130 882 228 927 quasi
252 892 370 914 omnes
392 881 552 914 civitates
559 893 568 919 ;
592 885 627 913 et
650 879 736 913 fecit
758 890 879 922 pacem
904 890 982 912 cum
1005 879 1056 911 eis
1078 884 1112 911 et
1135 889 1253 911 omnes
1275 879 1435 921 expulsos
1459 879 1502 911 de
1525 879 1611 922 ipsis
1633 880 1834 913 civitatibus
1850 880 1977 913 reverti

131 935 216 968 fecit
239 945 318 968 cum
341 945 444 977 pace3
476 940 511 967 et
533 934 648 976 posuit
671 933 721 965 ibi
753 933 902 965 vicarios
933 933 1011 965 loco
1041 932 1113 970 sui;
1145 938 1180 964 et
1210 932 1297 964 fecit
1327 932 1446 965 venire
1469 932 1649 973 Karolum,
1673 933 1780 966 filium
1804 944 1912 972 suum,
1940 933 1978 965 in

130 988 255 1021 Parma
278 988 356 1020 vice
383 988 436 1020 sui
467 998 546 1020 cum
570 986 696 1019 comite
720 985 916 1019 Sabaudiae
939 991 974 1018 et
1004 985 1206 1018 marchione
1229 985 1484 1018 Montisferrati
1507 991 1542 1018 et
1564 986 1689 1018 multos
1712 987 1799 1019 alios
1822 986 1978 1019 barones.

130 1042 176 1074 Et
199 1047 282 1074 tunc
305 1040 399 1073 misit
423 1040 563 1073 domino
579 1039 694 1084 legato
709 1039 888 1073 Bononiae
906 1039 1000 1082 quod
1015 1038 1149 1071 veniret
1164 1037 1385 1071 Plumatium.
1428 1039 1474 1071 Et
1490 1049 1550 1071 rex
1566 1049 1644 1071 cum
1660 1040 1776 1072 multis
1792 1039 1980 1072 baronibus

7 1092 11 1126 J
70 1094 107 1128 15
131 1100 166 1128 et
188 1093 304 1127 multis
329 1094 372 1126 de
395 1093 607 1126 Lombardia
630 1097 665 1125 et
688 1092 847 1125 dominus
869 1091 1002 1136 legatus
1025 1102 1103 1124 cum
1126 1091 1242 1123 multis
1273 1091 1448 1124 nobilibus
1479 1092 1522 1124 de
1553 1091 1721 1131 Bononia,
1753 1093 1796 1125 de
1825 1093 1979 1126 Roman-

134 1148 238 1186 diola,
256 1147 300 1179 de
320 1146 450 1179 Tuscia
473 1146 511 1178 in
534 1144 714 1184 Plumatio‚
738 1145 776 1176 in
800 1145 902 1178 domo
925 1144 1063 1177 Nicolai
1087 1144 1131 1177 de
1154 1144 1406 1183 Bocadeferris,
1430 1144 1569 1177 insimul
1594 1146 1827 1186 comederunt,
1852 1146 1980 1180 dormi-

133 1204 256 1234 verunt
278 1205 313 1232 et
335 1209 457 1242 pacem
480 1199 638 1231 fecerunt
661 1198 822 1237 invicem,
845 1208 924 1230 cum
948 1197 1055 1230 fuerit
1077 1198 1236 1230 voluntas
1259 1197 1391 1230 domini
1416 1198 1523 1231 nostri
1545 1209 1666 1242 papae.

221 1253 355 1286 Eodem
378 1262 480 1285 anno.
505 1270 547 1275 —
570 1251 739 1284 Dominus
761 1251 889 1284 Paulus
914 1252 957 1284 de
981 1250 1211 1296 Codeguerris
1236 1251 1280 1283 de
1302 1250 1428 1283 Parma
1451 1251 1504 1283 fui
1521 1257 1636 1284 rector
1650 1252 1826 1286 Bononiae
1842 1263 1906 1296 pro
1929 1264 1981 1286 se-

134 1307 257 1340 cundis
280 1305 461 1338 mensibus.

69 1362 112 1394 20
223 1359 356 1391 Eodem
379 1367 471 1391 anno
493 1358 769 1392 M.CCCXXX1.
795 1376 836 1381 —
859 1358 1026 1391 Dominus
1048 1357 1262 1402 Burigardus
1292 1357 1408 1390 David
1432 1358 1476 1391 de
1498 1357 1656 1391 Arimino
1680 1359 1748 1392 fuit
1771 1360 1982 1403 vicecapita-

136 1423 220 1446 neus
243 1412 395 1444 civitatis
417 1411 606 1444 Bononiae.
1103 1433 1106 1436 »

224 1465 356 1497 Eodem
368 1473 470 1504 anno,
487 1465 530 1497 de
545 1474 661 1498 mense
676 1464 762 1508 julii.
777 1483 818 1488 -
833 1464 1002 1497 Dominus
1018 1464 1206 1497 cardinalis
1221 1464 1415 1497 Hostiensis
1430 1465 1569 1508 accepit
1591 1475 1656 1508 pro
1679 1466 1839 1499 Ecclesia
1862 1466 1985 1500 civita-

135 1525 204 1552 tem
226 1516 374 1551 Arimini
397 1518 440 1550 de
462 1518 621 1550 manibus
643 1518 903 1550 Malatestorum
926 1523 961 1550 et
984 1518 1142 1550 dominus
1165 1518 1372 1550 Ferantinus
1394 1523 1429 1550 et
1453 1519 1543 1551 filius
1565 1519 1638 1562 ejus
1662 1520 1821 1553 dominus
1836 1520 1984 1553 Malate-

137 1573 247 1605 stinus
270 1571 314 1604 de
336 1570 539 1609 Malatestis,
557 1571 652 1603 dicta
668 1571 712 1604 de
728 1581 841 1609 causa,
866 1571 1024 1603 exierunt
1041 1570 1172 1603 dictam
1188 1571 1364 1603 civitatem
1380 1577 1415 1603 et
1430 1571 1645 1605 intraverunt
1661 1573 1698 1605 in
1722 1573 1845 1606 castris
1867 1574 1936 1607 suis
1951 1579 1986 1606 et

7 1622 9 1626 ’
71 1624 113 1658 25
139 1624 298 1658 dominus
319 1623 503 1656 Malatesta
526 1623 594 1656 fuit
617 1629 739 1656 contra
761 1624 960 1666 praedictos
984 1624 1028 1656 de
1053 1624 1155 1656 domo
1179 1634 1251 1657 sua.

226 1678 359 1710 Eodem
382 1686 485 1716 anno,
509 1677 553 1709 de
576 1687 691 1709 mense
713 1677 859 1721 augusti.
878 1695 919 1699 ——
935 1676 1117 1709 Praefatus
1134 1677 1293 1709 dominus
1308 1678 1442 1722 legatus
1457 1679 1542 1711 fecit
1557 1679 1745 1713 exercitum
1762 1685 1883 1714 contra
1899 1682 1984 1714 For-

137 1730 305 1768 livienses,
321 1739 362 1762 eo
379 1730 459 1773 quia
475 1729 638 1762 nolebant
650 1729 717 1762 sibi
729 1730 870 1763 obedire
885 1735 919 1762 et
936 1730 1019 1762 dare
1034 1729 1098 1762 sibi
1116 1729 1303 1762 dominium
1320 1731 1487 1769 civitatis;
1504 1737 1539 1764 et
1554 1732 1645 1765 misit
1661 1733 1851 1766 Forlivium
1861 1732 1987 1766 ‘omnes

138 1793 216 1817 suos
238 1782 480 1826 stipendiarios
502 1788 536 1815 et
560 1783 629 1815 duo
652 1783 826 1826 quarteria
848 1783 968 1825 populi
992 1783 1220 1821 bononiensis,
1245 1784 1303 1826 qui
1328 1784 1498 1817 dederunt
1521 1795 1682 1829 magnum
1702 1772 1987 1830 guastum-Ferii-

139 1836 322 1875 viensibus,
338 1835 525 1868 incidendo
548 1836 663 1868 omnia
685 1846 792 1880 usque
814 1837 861 1869 ad
883 1842 1001 1879 portas
1023 1837 1052 1869 F
1053 1835 1176 1869 orlivii.
1224 1836 1269 1868 Et
1291 1837 1560 1870 aedificaverunt
1583 1848 1688 1871 unum
1711 1845 1860 1873 castrum
1880 1851 1989 1884 prope

74 1891 117 1924 30
141 1890 329 1924 Forlivium
352 1889 398 1921 ad
422 1888 587 1922 Sanctum
610 1889 802 1922 Martinum
824 1895 859 1922 et
882 1894 1049 1922 steterunt
1064 1889 1115 1922 ibi
1139 1899 1190 1922 xv
1213 1889 1335 1922 diebus
1342 1902 1352 1928 ς
1375 1895 1411 1923 et
1433 1891 1548 1933 posuit
1563 1891 1611 1924 ibi
1634 1902 1793 1936 campum
1816 1904 1930 1933 suum;
1954 1899 1989 1927 et

140 1948 245 1985 caput
267 1942 422 1987 gentium
444 1947 519 1974 erat
542 1951 630 1975 unus
653 1942 740 1975 civis
763 1942 993 1975 bononiensis.

230 1995 363 2028 Eodem
386 2003 488 2033 anno,
514 1995 558 2028 de
579 2005 696 2028 mense
718 1995 922 2028 novembris.
947 2014 990 2019 —-
1013 1996 1121 2028 Facta
1143 1996 1212 2028 fuit
1234 2006 1303 2039 pax
1326 1996 1418 2029 inter
1440 1997 1572 2030 dictum
1597 1998 1772 2032 dominum
1787 2000 1939 2045 legatum
1955 2005 1990 2033 et

142 2049 221 2081 illos
244 2047 300 2080 de'
324 2047 515 2081 Ordelaffis
537 2053 571 2080 et
594 2058 741 2080 comune
763 2048 927 2086 Forlivii3
951 2054 986 2080 et
1010 2048 1169 2081 dominus
1192 2049 1325 2093 legatus
1347 2050 1463 2092 posuit
1486 2049 1536 2083 ibi
1560 2056 1738 2085 rectorem.

231 2101 366 2134 Eodem
388 2109 480 2133 anno
502 2105 537 2133 et
559 2110 684 2133 mense.
710 2119 751 2124 —
776 2101 965 2134 Fir-matum
989 2102 1056 2134 fuit
1079 2101 1116 2134 in
1145 2102 1292 2134 consilio
1318 2103 1472 2146 generali
1496 2104 1616 2146 populi
1641 2104 1863 2140 bononiensis
1894 2108 1990 2151 quod

21 2154 24 2158 “
77 2154 119 2188 35
144 2155 268 2188 civitas
290 2153 468 2186 Bononiae
491 2159 578 2186 esset
600 2159 767 2197 perpetuo
789 2159 930 2187 sanctae
951 2164 1113 2187 romanae
1128 2155 1327 2194 Ecclesiae;
1343 2161 1379 2188 et
1401 2155 1447 2189 ob
1462 2156 1528 2188 hoc
1552 2157 1718 2191 miserunt
1739 2159 1992 2194 ambaxiatores

138 2209 191 2253 *ad
213 2217 340 2250 papam
363 2217 442 2239 cum
464 2207 568 2249 pleno
591 2207 765 2246 mandato,
789 2207 972 2240 videlicet:
998 2208 1174 2240 dominum
1198 2208 1436 2242 Rolandinum
1462 2210 1505 2242 de
1529 2210 1677 2244 Galutiis
1699 2212 1845 2246 militem
1868 2219 1904 2247 et
1927 2215 1990 2247 do-

145 2261 276 2294 minum
298 2260 444 2293 Tomam
469 2260 513 2292 de
536 2259 768 2304 Formaglinis
790 2261 904 2304 leg-um
929 2261 1115 2294 doctorem.

232 2313 527 2347 M.CCCXXXII.
551 2313 685 2346 Eodem
701 2323 802 2346 anno.
819 2332 862 2337 —
877 2314 1046 2346 Dominus
1062 2313 1274 2355 Alamannus
1291 2315 1334 2348 de
1351 2315 1498 2358 Oppicis
1515 2317 1558 2350 de
1573 2317 1694 2351 Lucha
1710 2319 1778 2352 fuit
1794 2326 1908 2353 rector
1920 2321 1988 2354 Bo-

146 2367 272 2400 noniae
294 2376 358 2410 pro
380 2366 502 2408 primis
524 2376 585 2398 sex
606 2366 789 2400 mensibus.
812 2367 980 2399 Dominus
1002 2367 1125 2400 Petrus
1149 2368 1328 2401 Galiberto
1352 2369 1396 2401 de
1418 2369 1598 2404 Placentia
1621 2371 1689 2404 fuit
1712 2372 1993 2417 vicecapitaneus

23 2417 25 2419 ’
81 2422 124 2453 40
147 2430 211 2463 pro
233 2431 293 2453 sex
315 2419 498 2452 mensibus.

236 2473 368 2506 Eodem
380 2482 482 2505 anno.
494 2491 536 2496 —
548 2473 730 2506 Praefatus
743 2474 901 2507 dominus
914 2474 1103 2507 cardinalis
1114 2480 1148 2507 et
1160 2475 1291 2520 legatus
1304 2477 1511 2509 convocavit
1522 2477 1569 2510 ad
1581 2487 1617 2510 se
1630 2479 1806 2512 dominum
1822 2480 1994 2513 marchio-

148 2537 226 2559 nem
237 2526 418 2559 Ferrariae
429 2531 464 2558 et
475 2526 600 2559 multos
611 2526 873 2567 ambaxiatores,
886 2528 1058 2570 praelatos
1069 2534 1103 2561 et
1116 2529 1274 2561 dominos
1287 2530 1330 2561 de
1342 2529 1481 2569 Tuscia,
1496 2531 1540 2563 de
1551 2531 1785 2565 Romandiola
1796 2538 1831 2566 et
1844 2534 1887 2566 de
1899 2534 1995 2566 Mar-

148 2580 239 2619 chia,
263 2589 366 2612 causa
389 2580 557 2612 adventus
581 2579 712 2612 domini
735 2580 920 2620 Ludovici‚
944 2581 1005 2624 qui
1028 2581 1218 2614 vocabatur
1239 2582 1402 2621 Bavarus,
1427 2583 1486 2626 qui
1511 2594 1546 2616 se
1575 2584 1714 2617 dicebat
1744 2596 1816 2618 esse
1847 2587 1995 2629 impera-

149 2638 258 2666 torem
281 2638 315 2665 et
337 2632 499 2665 Boemiae
529 2643 654 2677 regem,
686 2638 721 2665 et
744 2639 873 2675 septem
903 2635 990 2667 alios
1012 2645 1110 2678 reges
1134 2635 1178 2667 de
1200 2635 1357 2677 partibus
1378 2636 1618 2676 Alamanniae,
1642 2647 1719 2670 cum
1744 2649 1824 2682 rege
1853 2640 1994 2682 Filippo

4 2726 6 2744 ἶ
30 2683 31 2687 ’
85 2684 126 2718 45
150 2686 195 2718 de
216 2685 348 2724 Valois,
366 2695 446 2729 rege
462 2685 652 2736 Franciae,
667 2686 727 2729 qui
742 2686 844 2719 simul
857 2686 1055 2731 juraverant
1070 2687 1207 2720 insimul
1223 2698 1345 2730 pacem
1361 2689 1398 2721 in
1419 2689 1537 2722 Ytalia
1551 2695 1586 2722 et
1602 2690 1652 2722 ire
1669 2691 1714 2724 ad
1730 2702 1855 2734 papam
1867 2692 1997 2735 Johan-

151 2748 229 2772 nem
253 2745 287 2772 et
309 2748 476 2771 summum
491 2738 700 2781 pontificem,
716 2744 754 2772 ut
769 2740 978 2773 consentiret
1001 2741 1165 2774 adventui
1182 2741 1273 2786 regis
1287 2741 1413 2775 Bavari
1435 2748 1470 2775 et
1484 2740 1576 2787 regis
1591 2743 1763 2783 Boemiae,
1781 2745 1911 2778 domini
1928 2746 1996 2779 Ita-

151 2791 230 2831 liae,
253 2792 290 2824 in
313 2792 509 2836 passagium
533 2792 663 2825 Terrae
686 2792 846 2826 Sanctae.

239 2845 372 2878 Eodem
383 2855 485 2878 anno.
499 2864 540 2869 —
553 2845 733 2878 Praefatus
746 2846 904 2879 dominus
919 2847 1117 2887 cardinalis,
1131 2848 1187 2880 die
1200 2858 1225 2880 x
1238 2847 1398 2891 januarii,
1414 2849 1506 2882 misit
1530 2851 1624 2893 quod
1646 2851 1904 2886 marchionibus
1916 2853 1999 2886 Fer-

244 2955 290 2989 3-6
302 2957 334 2983 In
346 2957 481 2990 marg-ine.-
490 2956 621 2984 Castrum
631 2958 661 2983 in
671 2956 816 2983 GalerIa-
824 2962 840 2991 7
850 2957 922 2992 erat]
934 2966 1014 2992 segue
1023 2959 1150 2985 Muttnae
1159 2960 1302 2986 cancellato
1309 2973 1339 2978 —
1351 2959 1386 2993 48
1395 2960 1419 2985 Il
1428 2959 1507 2986 Mun.
1520 2968 1651 2994 corregge
1661 2962 1835 2987 ommettendo
1844 2962 1864 2988 il
1879 2962 1893 2977 ⁸
1899 2961 1974 2995 quod
1981 2979 1996 2996 n

2047 466 2139 487 turca

2066 2063 2142 2087 Mum,
2160 2062 2196 2082 1⁴⁶
