2196 3424
211 194 231 228 4
748 186 1031 223 MATTHAEI
1060 186 1129 220 DE
1160 183 1503 220 GRIFFONIBUS
1788 188 1874 224 [AA.
1893 191 2048 226 841-1135]

285 322 388 355 Anno
411 321 611 355 VIII.‘XLI.
637 338 678 343 —-
700 319 860 351 Lotarius
882 317 1061 360 predictus
1083 316 1266 358 imperavit
1288 315 1387 347 annis
1411 315 1544 347 decem.

284 376 387 408 Anno
410 373 609 407 VIII.⁴³LVI.
628 391 667 395 -
691 371 900 409 Ludovicus,
924 370 1012 402 filius
1045 370 1130 402 dicti
1153 368 1294 406 Lotarii,
1326 367 1393 399 fuit
1416 366 1547 399 electus
1576 367 1764 409 imperator
1792 375 1827 401 et
1857 369 1924 402 fuit
1947 379 2046 402 coro-

200 434 297 462 natus
319 440 339 461 a
363 428 483 471 Sergio
506 437 612 469 papa3
638 431 672 457 et
695 425 767 457 eius
790 429 945 466 tempore
968 423 1056 465 pluit
1079 422 1217 465 sanguis
1242 421 1285 453 de
1311 420 1409 453 coelo
1434 419 1528 462 apud
1559 420 1709 453 Brixiam
1734 421 1843 455 tribus
1867 422 1988 455 diebus
2011 429 2046 455 et

200 480 608 575 tnbulsijgltijecriibtuesmpore.
632 550 673 554 —
698 530 854 572 Corpora
877 539 987 571 papae
1012 527 1147 560 Urbani
1171 532 1205 559 et
1228 525 1379 568 Tibiucij
1405 525 1546 558 fuerunt
1578 525 1740 559 translata
1765 533 1799 559 et
1823 527 1981 570 deposita
2010 529 2046 561 in
2092 527 2110 560 5

200 586 348 619 ecclesia
371 586 480 618 sancti
505 585 678 618 Germani.

287 637 390 670 Anno
414 638 552 671 Domini
575 636 864 670 VIII.⁰LXXVII.
891 654 933 658 —
957 634 1125 668 Charolus
1148 633 1321 667 secundus
1352 639 1495 665 vocatus
1521 632 1691 665 Charolus
1714 633 1841 666 Calvus
1864 635 2047 677 imperavit

199 692 306 725 tribus
329 692 426 723 annis
449 698 483 723 et
506 701 546 732 Χ]
568 690 751 723 mensibus.
1638 722 1641 724 ,

286 743 389 776 Anno
413 743 735 776 VIII.⁰LXXVIIII.
753 761 794 765 —
821 741 967 775 Karolus
990 741 1119 774 tercius
1142 745 1285 773 vocatus
1310 739 1438 772 Grasso
1462 739 1646 781 imperavit
1668 740 1767 772 annis
1791 749 1854 782 er.

284 796 387 829 Anno
409 797 548 829 Domini
570 796 757 829 VIIII.⁶III.
785 814 821 819 —-
847 795 1046 827 Ludovicus
1068 794 1197 827 tercius
1219 793 1403 835 imperavit
1426 793 1525 825 annis
1547 803 1617 825 sex.
2075 797 2114 828 10

286 850 419 882 Eodem
443 855 609 892 tempore.
626 867 668 872 —
692 849 823 881 Ytalici
846 848 1054 889 inceperunt
1077 857 1234 890 regnare,
1260 851 1420 887 exempto
1443 845 1590 887 imperio
1613 845 1657 878 ab
1680 845 1748 878 illis
1771 847 1814 879 de
1831 848 1980 881 Francia
1994 859 2047 881 se-

200 903 348 936 cundum
373 904 578 936 sententiam
601 903 847 941 Romanorum,
865 902 945 944 quia
967 901 1018 933 illi
1034 901 1077 933 de
1094 900 1245 933 Francia
1267 909 1337 932 non
1359 899 1525 942 juvabant
1542 899 1719 932 Romanos
1743 906 1866 933 contra
1879 900 2046 935 Lombar-

199 957 270 994 dos,
294 957 353 999 qui
375 956 563 989 Lombardi
586 956 763 989 faciebant
786 955 909 988 multas
931 955 1075 987 iniurias
1097 954 1275 987 Romanis.

49 1025 69 1040 c.
84 1024 96 1038 ε
111 1019 123 1039 ιι
285 1008 389 1041 Anno
411 1009 551 1041 Domini
574 1009 814 1041 VIIII.⁰VIIII.
839 1027 880 1031 —
904 1007 1135 1051 Berengarius
1157 1006 1290 1048 primus
1313 1005 1495 1048 imperavit
1520 1005 1619 1038 annis
1642 1011 1797 1048 quatuor.

284 1060 387 1094 Anno
410 1061 633 1094 VIIII.⁰XIII.
651 1080 692 1084 —-
709 1061 940 1104 Berengarius
962 1060 1135 1092 secundus
1150 1058 1334 1101 imperavit
1356 1058 1456 1090 annis
1478 1067 1558 1099 an.
1907 1074 1909 1077 ν
2076 1060 2112 1093 15

284 1114 513 1158 Berengarius
535 1115 663 1148 tercius
678 1120 755 1157 post
778 1115 889 1156 ipsum
912 1113 1096 1155 imperavit
1118 1112 1218 1144 annis
1240 1121 1320 1153 an.

284 1167 443 1200 Lotarius
458 1168 630 1200 secundus
645 1174 721 1210 post
736 1168 847 1210 ipsum
862 1166 1046 1209 imperavit
1070 1165 1203 1198 duobus
1226 1165 1335 1197 annis.

285 1220 514 1265 Berengarius
537 1227 677 1264 quartus
699 1221 884 1263 imperavit
905 1225 984 1262 post
1006 1219 1118 1262 ipsum
1142 1229 1221 1252 cum
1236 1217 1383 1251 Alberto
1398 1218 1498 1251 annis
1513 1228 1563 1260 xJ.

284 1274 374 1307 Octo
390 1275 519 1317 primus
534 1274 718 1316 imperavit
740 1274 839 1306 annis
862 1273 1059 1306 duodecim.

284 1326 388 1360 Anno
410 1327 551 1360 Domini
565 1327 730 1360 Μ.ΧΙΙΠ.
747 1345 791 1351 —-
806 1327 980 1360 Henricus
996 1327 1126 1369 primus
1141 1326 1324 1369 imperavit
1339 1337 1409 1358 una
1425 1337 1503 1359 cum
1520 1336 1626 1360 uxore
1643 1338 1704 1360 sua
1720 1333 1755 1361 et
1770 1328 1872 1362 ambo
1888 1339 2048 1372 perman·
2073 1331 2116 1362 20

198 1386 315 1413 serunt
337 1381 374 1413 in
396 1381 607 1425 virginitate:
631 1386 747 1413 tamen
762 1386 843 1413 ante
865 1381 976 1422 ipsum
999 1379 1067 1412 fuit
1089 1380 1177 1412 alter
1199 1379 1373 1412 Henricus
1388 1390 1460 1418 reX,
1477 1380 1536 1423 qui
1553 1386 1668 1413 tamen
1684 1391 1755 1413 non
1770 1381 1838 1414 fuit
1850 1383 2048 1426 imperator.

49 1450 69 1466 c.
83 1448 99 1467 s
113 1450 126 1462 a
288 1432 393 1466 Anno
415 1433 616 1467 M.XXV11.
639 1452 682 1457 —
706 1434 863 1466 Coradus
885 1434 1016 1476 primus
1038 1433 1231 1476 imperavit.

285 1485 389 1519 Anno
412 1486 624 1520 M.XLVIII.
641 1505 683 1510 —
700 1487 875 1519 Henricus
898 1487 1072 1519 secundus
1094 1486 1278 1529 imperavit
1308 1486 1407 1519 annis
1437 1496 1517 1528 XVIJ
1541 1493 1575 1520 et
1599 1487 1663 1520 sibi
1687 1489 1853 1521 successit
1876 1488 2050 1523 Henricus

199 1540 336 1573 tercius.

284 1592 446 1626 M.LXX.
471 1611 513 1617 —
536 1593 709 1626 Henricus
731 1593 860 1626 tercius
882 1593 1076 1635 imperavit,
1100 1592 1159 1635 qui
1183 1593 1378 1626 carceravit
1401 1603 1526 1636 papam
1551 1599 1586 1626 et
1616 1603 1736 1627 omnes
1767 1595 1976 1634 cardinales;
2008 1602 2043 1629 et
2072 1594 2113 1628 25

199 1645 321 1678 eodem
336 1652 491 1688 tempore
507 1657 577 1679 una
591 1656 700 1689 porca
722 1646 860 1688 peperit
882 1657 988 1678 unum
1004 1645 1207 1688 porcellum,
1225 1646 1284 1689 qui
1300 1646 1451 1679 habebat
1473 1647 1583 1679 visum
1607 1647 1805 1687 humanum,
1829 1649 1923 1692 quod
1946 1660 2049 1692 repu-

197 1703 304 1731 tatum
328 1698 395 1732 fuit
417 1710 578 1743 magnum
601 1699 815 1732 miraculum.

286 1751 501 1785 M.LXXVI.
525 1771 566 1775 —
588 1753 669 1786 Fuit
690 1763 817 1796 magna
840 1752 980 1785 caristia
1003 1758 1038 1785 et
1062 1752 1178 1786 corbis
1201 1752 1367 1786 frumenti
1384 1753 1491 1786 valuit
1509 1753 1612 1787 libras
1636 1760 1784 1797 quatuor
1800 1754 2051 1790 bononinorum
2136 1775 2153 1791 :0-

198 1809 232 1836 et
254 1803 344 1837 ultra
367 1810 402 1837 et
425 1806 562 1838 duravit
584 1816 648 1848 per
669 1817 775 1837 unum
798 1816 936 1838 annum.
1529 1842 1535 1845 ,

47 1872 66 1887 c.
80 1871 96 1890 s
110 1866 123 1886 ὸ
284 1858 516 1891 M.LXXXV.
533 1857 678 1892 —*Fuit
701 1859 861 1891 inventus
884 1870 971 1892 unus
993 1860 1116 1903 gigans
1138 1859 1337 1893 vulneratus
1353 1860 1397 1893 de
1413 1870 1504 1893 novo
1522 1867 1557 1894 et
1580 1867 1655 1894 erat
1676 1861 1785 1904 maj0r
1807 1872 1910 1905 quam
1934 1869 2049 1896 essent
2071 1864 2115 1895 30

198 1909 266 1943 alta
295 1911 462 1955 muraglia
483 1912 618 1945 Romae
642 1918 677 1945 et
699 1911 850 1945 habebat
872 1912 909 1944 in
933 1913 1047 1955 capite
1071 1923 1174 1946 unam
1197 1913 1403 1956 lampadam,
1420 1924 1508 1956 quae
1525 1914 1672 1948 ardebat
1689 1915 1853 1948 continuo
1878 1921 1913 1949 et
1935 1916 2050 1950 nullus

196 1969 331 2005 poterat
353 1965 461 2007 ipsam
486 1965 699 2009 extinguere.

0 2026 67 2049 aun..
84 2025 121 2046 ωε
284 2017 428 2051 M.CIX.
446 2036 488 2041 —-
503 2018 625 2051 Turris
646 2018 879 2051 Asinellorum
903 2019 1052 2052 civitatis
1074 2019 1251 2052 Bononiae
1275 2020 1342 2053 fuit
1366 2021 1548 2063 completa.
1916 2057 1918 2059 ,

283 2070 445 2103 M.CXV.
462 2089 503 2094 -—
517 2071 614 2105 Obiit
626 2072 800 2105 comitissa
814 2072 980 2111 Matelda,
997 2082 1085 2115 quae
1101 2073 1169 2105 fuit
1183 2072 1255 2105 filia
1269 2074 1479 2107 marchionis
1494 2074 1668 2108 Bonifacii
1686 2082 1721 2108 et
1736 2075 1943 2115 Beatrixiae,
1959 2077 2049 2110 filiae

197 2121 343 2155 Hem-ici
365 2124 467 2156 tercii
488 2124 715 2167 imperatoris,
741 2131 776 2158 et
799 2125 935 2168 sepulta
957 2126 1024 2158 fuit
1046 2126 1092 2158 in·
1108 2127 1271 2159 comitatu
1294 2127 1471 2164 Mantuae.
2071 2131 2113 2163 35

47 2189 67 2205 c.
83 2190 122 2208 «a
285 2175 464 2209 M.CXVI.
488 2195 530 2200 —-
546 2177 721 2211 Heni-icus
745 2184 886 2221 quartus
908 2178 1098 2221 imperator
1121 2179 1337 2215 confirmavit
1359 2180 1636 2214 Bononiensibus
1652 2182 1768 2215 omnia
1790 2182 1974 2227 privilegia
1988 2194 2050 2217 sua

197 2233 232 2260 et
251 2227 338 2270 jura.
384 2229 473 2263 Sunt
494 2230 530 2262 in
553 2231 695 2264 archivo
720 2232 875 2264 comunis
897 2232 1085 2265 Bononiae.
1132 2233 1179 2265 Et
1194 2233 1326 2266 remisit
1342 2233 1392 2266 eis
1407 2243 1527 2266 omnes
1551 2235 1763 2268 offensiones
1775 2242 1810 2269 et
1826 2235 1967 2279 injurias
1982 2237 2049 2270 sibi

196 2280 308 2314 factas
329 2293 393 2324 per
414 2283 506 2325 ipsos
537 2289 572 2317 et
602 2294 749 2317 comune
778 2285 955 2318 Bononiae
987 2285 1171 2318 occasione
1199 2286 1444 2319 destructionis
1469 2287 1608 2327 rochae,
1632 2298 1734 2331 quam
1756 2289 1831 2332 ipse
1860 2289 2050 2332 imperator

197 2333 346 2368 habebat
367 2336 404 2368 in
428 2337 567 2370 civitate
590 2337 779 2371 Bononiae.

284 2388 446 2422 M.CXX.
471 2408 512 2412 —
538 2388 720 2428 Quaedam
751 2391 875 2424 mulier
904 2392 1042 2434 peperit
1072 2403 1179 2425 unum
1210 2392 1328 2432 filium,
1362 2394 1422 2436 qui
1453 2394 1603 2427 habebat
1635 2395 1704 2428 duo
1729 2405 1878 2439 corpora
1900 2402 1936 2429 et
1959 2396 2046 2430 duos
2070 2398 2113 2430 40

196 2440 319 2479 vultus,
342 2442 508 2476 videlicet
530 2454 636 2476 unum
659 2444 790 2477 vultum
819 2444 967 2478 hominis
990 2456 1011 2478 a
1033 2445 1141 2478 latere
1172 2446 1338 2479 anteriori
1362 2452 1397 2479 et
1419 2447 1524 2479 alium
1541 2448 1672 2481 vultum
1690 2449 1786 2482 canis
1808 2460 1829 2482 a
1852 2450 1960 2483 latere
1984 2459 2046 2492 po-

196 2493 340 2532 steriori,
365 2501 400 2527 et
421 2495 488 2528 fuit
511 2502 707 2538 reputatum
731 2508 892 2541 magnum
916 2498 1131 2531 miraculum.

47 2559 68 2573 c·
83 2559 96 2578 4
111 2554 123 2574 ὁ
282 2546 497 2581 M.CXXXI.
513 2567 555 2572 --
578 2549 813 2583 Nonantulani
837 2551 1010 2584 dederunt
1032 2562 1069 2584 se
1094 2553 1232 2584 comuni
1255 2553 1444 2586 Bononiae.

282 2599 515 2634 M.CXXXV.
540 2620 581 2624 —
603 2602 757 2645 Populus
781 2604 929 2637 civitatis
950 2604 1108 2638 Mutinae
1130 2604 1256 2648 juravit
1283 2607 1421 2639 comuni
1445 2607 1622 2641 Bononiae
1646 2615 1816 2652 perpetuo
1846 2619 1917 2643 non
1939 2609 2048 2643 mole-

197 2658 286 2685 stare
310 2653 485 2687 dominum
508 2654 668 2689 abbatem
692 2656 922 2690 Nonantulae.
978 2699 987 2703 Α
2069 2662 2110 2695 45

284 2777 317 2795 10
334 2771 392 2804 sex]
409 2774 555 2798 corrutione
566 2782 597 2798 su
614 2775 706 2800 tribus
722 2776 814 2807 3,οηῖίο
826 2777 928 2808 prima,
942 2778 993 2808 poi
1003 2778 1157 2803 cancellato.
1171 2792 1204 2797 ——
1219 2778 1300 2811 28-29
1320 2779 1351 2804 In
1369 2780 1498 2812 margine,
1519 2781 1549 2805 di
1564 2784 1653 2806 contro
1671 2790 1688 2806 a
1706 2785 1798 2813 questa
1816 2782 1922 2813 notizia,
1942 2780 1957 2806 ὁ
1973 2784 2045 2807 stato

188 2815 266 2846 pylo
284 2821 317 2837 un
335 2821 414 2846 segno
431 2815 606 2841 d’attenzione
619 2831 652 2835 —
665 2823 698 2849 33
714 2818 767 2843 Con
785 2821 875 2850 questa
892 2819 990 2844 notata
1008 2820 1042 2845 ha
1061 2821 1195 2851 principio
1213 2822 1238 2845 il
1254 2824 1320 2846 testo
1338 2822 1518 2847 nell’edizione
1529 2824 1727 2854 muratoriana5
1745 2824 1773 2848 in
1784 2824 1907 2856 margine
1924 2823 2044 2849 abbiamo

194 2854 309 2880 indicato
328 2856 352 2879 le
364 2857 468 2888 pagine
480 2857 511 2882 di
520 2861 611 2889 questa
631 2858 731 2891 (Mun.)
749 2860 958 2892 corrispondente
975 2862 1007 2886 al
1017 2865 1104 2886 nostro
1123 2865 1195 2887 testo.
1216 2862 1356 2888 Stz'mz'amo
1373 2864 1466 2888 inutile
1483 2865 1601 2890 indicare
1620 2868 1686 2890 tutte
1705 2866 1729 2889 le
1742 2866 1900 2891 ommissioni
1911 2865 1942 2890 di
1946 2866 2045 2897 parole

194 2903 209 2920 ο
222 2896 252 2919 di
254 2897 336 2928 frasi
347 2905 361 2921 o
373 2899 451 2923 anche
462 2899 493 2923 di
503 2901 596 2924 notizie
608 2901 651 2925 che
662 2902 688 2925 ,η’
698 2902 849 2927 incontrano
867 2903 912 2927 nel
921 2905 987 2927 testo
999 2905 1196 2935 muratorianam·
1214 2906 1395 2930 avvertiremo
1407 2907 1522 2931 soltanto
1533 2907 1576 2931 che
1588 2908 1613 2931 le
1620 2908 1717 2938 parole
1731 2907 1838 2932 Eodem
1851 2915 1926 2933 auno
1940 2908 1972 2933 vi
1982 2915 2043 2932 sono

192 2939 269 2969 quasi
278 2942 376 2970 sempre
388 2948 506 2965 omme-ose
520 2955 551 2961 —
565 2948 646 2974 40·4²
660 2943 692 2967 In
704 2945 833 2976 margine,
847 2944 878 2969 di
888 2947 976 2970 contro
988 2954 1006 2970 a
1018 2949 1109 2977 questa
1121 2947 1230 2978 notizia,
1245 2945 1259 2971 ὲ
1270 2947 1363 2972 scritto
1375 2947 1406 2972 di
1417 2951 1551 2974 carattere
1563 2950 1665 2974 antica:
1686 2949 1851 2975 miraculum
1864 2950 1892 2974 et
1906 2951 2043 2975 montrum
2091 2955 2106 2982 5
