2196 3424
120 222 205 259 [ΑΛ.
225 222 402 257 13384339]
702 212 1026 253 MEMORIALE
1054 212 1382 253 HISTORICUM
1913 211 1960 252 53
1978 231 1981 235 ·

121 350 276 383 marchio
294 349 441 383 debebat
464 350 515 382 ire
538 350 775 383 Mediolanum
799 351 845 383 ad
868 351 1127 393 parlamentum,
1151 356 1189 383 ut
1212 351 1404 384 comuniter
1428 350 1618 390 dicebatur,
1642 350 1724 393 quia
1748 348 1971 382 dubitabatur

122 403 216 447 quod
239 403 398 436 dominus
420 403 574 436 Bavarus
590 402 750 436 veniebat
765 403 803 435 in
819 403 955 436 Italiam
978 413 1057 435 cum
1079 405 1140 435 V1m
1162 403 1335 445 equitibus
1351 404 1395 436 de
1411 414 1578 436 consensu
1601 401 1970 446 Ecclesiaejromanae.

210 456 344 488 Eodem
368 465 470 494 anno,
495 456 538 488 de
570 466 685 488 mense
709 455 887 488 februarii.
913 474 954 478 -
979 456 1132 494 Quidam
1167 455 1412 497 stipendiarius
1435 456 1502 488 fuit
1525 466 1704 500 aggressus
1726 465 1832 487 unum
1863 454 1969 487 alium

122 508 386 551 stipendiarium
403 508 440 540 in
456 509 580 550 platea,
604 510 653 541 ita
669 509 762 552 quod
786 508 835 540 ibi
852 508 919 541 fuit
935 518 1052 541 rumor
1073 513 1108 540 et
1123 508 1221 540 multi
1245 513 1421 540 traxerunt
1444 508 1494 541 ibi
1517 509 1563 541 ad
1587 518 1767 541 rumorem.
1812 507 1893 540 Vox
1908 506 1974 540 ivit

80 559 98 593 5
123 571 186 604 per
209 561 387 593 civitatem
410 562 503 604 quod
526 567 618 594 terra
641 560 801 594 currebat
824 566 858 593 et
882 561 976 603 quod
1006 565 1124 593 omnes
1146 560 1329 593 trahebant
1344 561 1391 593 ad
1413 562 1578 603 plateam3
1611 562 1704 594 unde
1736 561 1894 593 doctores
1924 560 1975 592 le-

122 619 252 658 gentes,
277 614 338 657 qui
362 613 575 646 intraverant
591 614 626 646 in
643 613 753 652 nonis,
777 613 935 645 exierunt
957 613 1068 645 scolas
1090 618 1124 645 et
1148 623 1265 645 omnes
1287 613 1506 655 stipendiarii
1528 619 1746 647 armaverunt
1769 624 1804 646 se
1811 626 1820 652 ;
1844 613 1906 646 sed
1921 614 1974 645 in-

124 666 318 699 continenti
341 677 459 699 rumor
474 667 542 700 fuit
558 668 696 700 sedatus
711 671 745 699 et
761 665 872 698 nichil
896 665 974 698 fuit.
1020 666 1153 698 Tamen
1169 666 1227 698 ille
1243 666 1497 708 stipendiarius,
1516 667 1576 711 qui
1599 667 1666 700 fuit
1689 677 1792 699 causa
1816 666 1976 705 rumoris,

124 720 191 752 fuit
215 720 430 762 decapitatus
455 720 511 752 die
534 720 635 752 lunae
659 718 890 760 carnisprivii.

213 772 345 805 Eodem
368 782 471 811 anno,
496 773 554 806 die
576 772 689 815 prima
711 772 837 805 martii.
854 790 895 794 —
912 771 1080 804 Dominus
1095 771 1237 804 Manuel
1254 772 1298 805 de
1314 773 1471 805 Fontana
1493 773 1537 805 de
1559 773 1740 806 Placentia
1762 773 1906 806 intravit
1921 773 1976 805 of-

63 826 101 858 10
124 825 234 858 fitium
257 826 466 868 potestariae
487 826 675 865 Bononiae,
692 825 773 868 quia
794 825 883 857 alius
905 830 1065 867 potestas,
1089 825 1222 858 scilicet
1246 826 1404 858 dominus
1427 825 1648 865 Octavianus,
1674 826 1775 868 petiit
1790 826 1976 859 licentiam.

214 878 347 911 Eodem
360 888 462 918 anno,
480 879 517 910 in
534 879 592 911 die
608 878 719 911 sabati
736 878 847 910 sancti
861 877 995 910 Lazari.
1014 896 1055 900 —-
1068 878 1150 910 Fuit
1165 888 1290 922 magna
1306 878 1441 911 novitas
1464 879 1501 910 in
1525 879 1668 911 civitate
1690 879 1877 918 Bononiae,
1894 880 1976 923 quia

125 937 247 974 captus
270 931 338 963 fuit
361 931 560 975 Mengotius
577 932 620 964 de
637 930 835 964 Ghisileriis
858 936 892 962 et
909 930 1178 963 Francischinus
1202 932 1245 963 de
1262 931 1456 964 Ghisileriis
1479 937 1513 964 et
1529 942 1591 974 per
1606 942 1701 964 suam
1725 932 1977 964 confessionem

127 990 263 1027 reperta
287 985 355 1017 fuit
379 985 548 1028 quaedam
564 994 690 1028 magna
705 983 870 1026 proditio,
917 983 1007 1015 Nam
1031 983 1241 1027 Macarellus
1258 984 1300 1016 de
1316 984 1494 1028 Chucano‚
1519 985 1578 1028 qui
1600 990 1675 1017 erat
1697 995 1841 1028 magnus
1863 990 1898 1017 et
1913 994 1976 1028 po-

125 1043 201 1070 tens
225 1037 469 1077 montanarius,
493 1037 725 1076 ordinaverat,
749 1047 818 1068 una
840 1046 919 1068 cum
936 1036 1031 1069 dicto
1047 1036 1228 1080 Mengotio
1251 1043 1285 1070 et
1309 1047 1386 1069 cum
1404 1037 1543 1070 domino
1566 1037 1812 1077 Bonincontro,
1829 1038 1900 1070 filio
1917 1039 1978 1070 do-

64 1089 102 1122 15
126 1090 213 1122 mini
237 1090 405 1133 Johannis
427 1089 590 1122 Andreae
615 1088 768 1122 doctoris
791 1089 1023 1128 famosissimi,
1046 1095 1081 1122 et
1104 1100 1182 1122 cum
1207 1090 1374 1122 Galaocto
1399 1090 1442 1122 de
1465 1089 1696 1123 Lambertinis
1718 1095 1754 1123 et
1776 1101 1853 1123 cum
1871 1091 1980 1123 Fran-

127 1143 286 1175 cischino
303 1143 346 1176 de
364 1142 571 1181 Ghisileriis,
597 1142 690 1185 quod
714 1142 872 1174 dominus
887 1141 1050 1174 Tadaeus
1074 1143 1118 1175 de
1140 1142 1280 1185 Pepolis
1301 1149 1336 1175 et
1359 1142 1422 1175 filii
1446 1143 1521 1187 ejus
1536 1143 1811 1175 interficerentur
1826 1149 1861 1176 et
1884 1144 1978 1186 quod

129 1196 242 1229 dictus
264 1195 475 1241 Macarellus
497 1195 596 1228 fieret
619 1195 779 1227 dominus
802 1195 952 1228 civitatis
974 1195 1161 1228 Bononiae.
1208 1196 1320 1235 Unde,
1346 1196 1403 1228 die
1427 1196 1599 1228 dominica
1629 1196 1795 1239 sequenti,
1819 1197 1978 1229 dominus

127 1249 289 1281 Tadaeus
319 1249 363 1281 de
394 1248 532 1291 Pepolis
562 1247 682 1280 habuit
705 1247 885 1280 consilium
915 1258 994 1280 cum
1024 1248 1093 1281 suis
1125 1248 1335 1291 sapientibus
1357 1254 1391 1281 et
1414 1248 1500 1281 hora
1522 1249 1630 1281 tercia
1657 1249 1743 1281 feeit
1764 1249 1848 1291 poni
1878 1260 1981 1282 unam

128 1302 308 1334 candelam
332 1302 379 1334 ad
401 1301 639 1344 arengheriam
661 1307 696 1334 et
718 1301 925 1343 proclamari
949 1302 1054 1345 quod,
1078 1307 1263 1345 antequam
1287 1302 1434 1334 candela
1455 1302 1683 1345 extinguatur,
1706 1301 1916 1346 Macarellus
1940 1303 1983 1334 de

63 1356 106 1387 20
129 1355 306 1399 Chucano,
341 1354 499 1387 dominus
533 1354 797 1393 Bonincontrus,
834 1354 1021 1387 Galaoctus
1044 1355 1088 1387 de
1110 1354 1341 1387 Lambertinis
1374 1360 1409 1387 et
1432 1355 1696 1387 Francischinus
1720 1355 1763 1387 de
1787 1355 1982 1388 Ghisileriis

130 1407 301 1441 deberent·
317 1417 528 1450 comparere,
552 1407 637 1439 alias
658 1407 897 1452 intelligantur
918 1408 1056 1441 banniti
1080 1408 1278 1450 proditores
1301 1414 1335 1440 et
1359 1407 1503 1441 rebelles
1526 1408 1680 1440 comunis
1706 1408 1895 1441 Bononiae.

217 1461 283 1493 Die
299 1461 402 1493 lunae
418 1461 586 1504 sequenti,
605 1461 648 1493 de
660 1471 771 1494 mane.
786 1479 827 1484 —
839 1460 1038 1505 Mengotius
1051 1461 1094 1494 de
1108 1461 1300 1494 Ghisileriis
1315 1461 1515 1503 praedictus
1530 1461 1596 1493 fuit
1613 1461 1827 1504 decapitatus
1842 1466 1984 1504 propter

132 1514 260 1547 dictam
282 1514 524 1556 proditionem.
570 1513 780 1558 Macarellus
803 1519 917 1546 autem
942 1514 986 1546 de
1009 1514 1176 1558 Chucano
1191 1514 1390 1556 praedictus
1413 1514 1535 1553 subito,
1559 1525 1638 1547 cum
1660 1514 1875 1547 intellexerat
1891 1514 1986 1557 quod

130 1571 296 1600 tractatus
318 1571 393 1599 erat
416 1566 610 1606 revellatus,
634 1572 821 1599 recesserat
845 1568 889 1600 de
912 1567 1070 1600 Bononia
1092 1573 1127 1600 et
1150 1567 1260 1600 iverat
1283 1568 1329 1600 ad
1353 1573 1504 1600 castrum
1528 1567 1672 1611 Savigni
1694 1573 1728 1599 et
1744 1567 1831 1600 bene
1847 1567 1986 1600 volebat

67 1618 108 1653 25
133 1620 261 1652 intrare
284 1619 563 1658 Montebellium;
587 1621 648 1652 sed
673 1620 831 1653 dominus
854 1620 1016 1653 Tadaeus
1039 1620 1106 1653 fuit
1128 1621 1230 1653 valde
1254 1621 1389 1663 sapiens
1411 1626 1445 1653 et
1469 1621 1559 1654 misit
1585 1620 1633 1654 ibi
1664 1620 1907 1663 stipendiarios
1930 1631 1986 1653 su-

133 1672 215 1711 bito,
242 1682 321 1704 cum
344 1673 445 1705 scivit
469 1673 562 1716 quod
577 1673 788 1717 Macarellus
811 1674 958 1717 fugerat.
1005 1674 1051 1706 Et
1075 1674 1168 1706 misit
1194 1674 1240 1706 ad
1263 1673 1491 1707 obsidendum
1515 1679 1664 1706 castrum
1689 1673 1844 1717 Savigni,
1867 1679 1905 1706 ut
1928 1684 1986 1706 ca-

133 1731 273 1768 peretur
294 1726 521 1770 Macarellu53
539 1726 599 1759 sed
622 1727 832 1771 Macarellus
847 1727 988 1759 recessit
1004 1727 1047 1759 de
1065 1727 1229 1771 Savigno,
1253 1733 1437 1771 antequam
1454 1726 1593 1771 magna'
1610 1737 1693 1770 gens
1709 1727 1853 1766 veniret,
1869 1732 1904 1759 et
1920 1726 1984 1759 ivit
2058 1743 2078 1758 c.
2094 1742 2121 1762 92
2139 1737 2151 1757 ι,

133 1779 170 1811 in
192 1779 357 1812 comitatu
378 1778 535 1812 Mutinae
558 1785 593 1812 et
615 1779 666 1812 ibi
689 1790 725 1812 se
748 1780 884 1813 reduxit
906 1786 941 1812 et
963 1786 1083 1823 postea
1106 1781 1187 1813 inde
1212 1781 1368 1813 discessit
1391 1786 1425 1813 et
1448 1781 1511 1813 ivit
1534 1781 1579 1813 ad
1602 1781 1776 1813 civitatem
1807 1780 1987 1812 Ferrariae

133 1837 167 1864 et
191 1832 319 1864 dimisit
353 1832 476 1865 fulcita
499 1833 568 1865 duo
592 1838 716 1873 castra,
740 1833 778 1866 in
801 1833 925 1877 quibus
948 1844 985 1866 se
1012 1834 1196 1867 reduxerat
1229 1835 1265 1866 in
1289 1835 1453 1867 comitatu
1487 1834 1652 1873 Mutinae,
1685 1833 1845 1867 videlicet
1868 1833 1987 1866 Sassa-

68 1886 111 1918 30
134 1885 261 1918 dellam
283 1891 318 1918 et
340 1885 496 1918 Montem
520 1886 701 1919 Vechium.

223 1938 356 1971 Eodem
378 1949 480 1978 anno,
504 1940 548 1972 de
571 1950 687 1972 mense
710 1940 839 1983 aprilis.
865 1959 906 1964 —-
930 1941 1098 1973 Dominus
1120 1941 1315 1985 Raynerius
1338 1941 1382 1974 de
1406 1941 1559 1974 Forlivio
1591 1941 1714 1974 doctor
1735 1941 1849 1986 legum
1872 1949 1906 1976 et
1929 1953 1988 1976 sex

135 1992 294 2031 scolares,
310 1992 411 2025 electi
434 1993 481 2025 ad
496 1992 680 2037 legendum
703 1999 738 2026 et
761 1994 947 2026 tenendum
971 1994 1130 2027 Studium
1145 1995 1181 2026 in
1205 1994 1326 2028 Castro
1350 1995 1460 2027 sancti
1484 1994 1578 2027 Petri
1601 2000 1743 2038 propter
1765 1996 1987 2029 interdictum

137 2044 262 2083 Studii,
285 2045 421 2094 iverunt
452 2046 499 2078 ad
530 2041 660 2079 dictum
684 2052 834 2080 castrum
863 2048 957 2080 dicta
980 2048 1164 2080 occasione
1187 2054 1221 2080 et
1251 2048 1350 2081 multi
1380 2048 1529 2081 scolares
1558 2048 1693 2081 iverunt
1715 2049 1762 2081 ad
1790 2049 1988 2083 intrandum

136 2096 185 2129 ibi
209 2097 303 2130 dicta
326 2098 370 2130 de
393 2108 506 2131 causa.

70 2148 112 2183 35
225 2150 358 2183 Eodem
381 2161 473 2184 anno
496 2157 531 2184 et
553 2162 679 2185 mense.
704 2172 746 2177 —
769 2154 938 2187 Dominus
961 2154 1122 2187 Tadaeus
1154 2155 1197 2187 de
1227 2154 1374 2197 Pepolis,
1399 2154 1555 2187 dominus
1578 2154 1764 2194 Bononiae,
1788 2155 1878 2188 misit
1902 2156 1988 2189 duos

138 2204 297 2236 doctores
319 2204 366 2236 ad
389 2204 533 2237 curiam·
557 2215 744 2246 romanam,
774 2212 813 2240 ut
835 2207 937 2240 ambo
960 2214 1073 2240 essent
1097 2208 1148 2240 sui
1171 2208 1334 2240 advocati
1357 2208 1394 2240 in
1417 2218 1531 2247 causa,
1555 2218 1656 2251 quam
1679 2208 1728 2241 ibi
1754 2207 1913 2248 habebat,
1936 2210 1988 2242 vi-
2064 2219 2142 2245 Mun„
2158 2220 2196 2241 ιω

118 2263 125 2266 ·
139 2257 281 2290 delicet:
306 2256 483 2290 dominum
499 2257 643 2291 Paulum
661 2260 705 2292 de
719 2259 886 2304 Liacariis
902 2266 936 2294 et
960 2262 1135 2294 dominum
1158 2261 1413 2305 Macagnanum
1438 2261 1482 2294 de
1504 2259 1703 2305 Azoguidis‚
1726 2271 1889 2305 generum
1905 2262 1990 2295 dicti

140 2310 270 2342 domini
293 2310 428 2343 Tadaei
451 2311 495 2343 de
518 2311 668 2354 Pepolis.

230 2363 364 2396 Eodem
387 2362 489 2403 anno,
515 2365 572 2397 die
594 2365 706 2408 primo
727 2366 814 2410 julii.
841 2386 883 2391 —
905 2367 1074 2400 Dominus
1096 2368 1237 2400 Manuel
1254 2368 1298 2400 de
1321 2369 1479 2401 Fontana
1502 2368 1545 2400 de
1568 2367 1745 2400 Placentia
1768 2368 1920 2411 incoepit
1936 2370 1991 2402 of-

74 2417 116 2448 40
140 2416 254 2448 ficium
276 2417 483 2459 potestariae
506 2417 685 2451 Bononiae
707 2429 771 2462 pro
795 2430 855 2452 sex
879 2420 1063 2454 mensibus.

229 2469 593 2514 M.CCCXXXVHIJ.
618 2472 751 2505 Eodem
774 2483 876 2513 anno,
901 2474 957 2506 die
980 2475 1132 2507 secundo
1155 2475 1247 2519 maji.
1272 2493 1314 2497 —
1338 2476 1445 2508 Facta
1468 2474 1534 2507 fuit
1549 2475 1669 2517 pulcra
1691 2480 1803 2507 zostra
1818 2475 1854 2507 in
1876 2476 1991 2518 platea
2066 2491 2086 2507 c.
2101 2489 2129 2510 9³
2144 2492 2157 2505 a

141 2523 296 2555 comunis
311 2522 487 2556 Bononiae
509 2530 544 2556 et
566 2534 607 2556 1x
629 2531 833 2559 zostratores
856 2528 1087 2560 sustinuerunt
1110 2534 1259 2572 costram
1282 2534 1354 2560 tota
1385 2528 1451 2566 die,
1475 2528 1608 2560 scilicet
1631 2534 1699 2560 tres
1728 2528 1855 2561 milites
1876 2535 1911 2561 et
1934 2539 1992 2561 sex

142 2575 329 2615 domicelli,
353 2582 387 2608 et
410 2586 528 2609 omnes
543 2583 641 2610 erant
657 2578 771 2611 induti
789 2580 832 2612 de
848 2579 937 2612 albo.
978 2581 1024 2613 Et
1040 2581 1214 2624 Johannes
1231 2582 1274 2613 de
1290 2581 1438 2623 Pepolis,
1456 2581 1545 2613 filius
1568 2581 1699 2612 domini
1716 2581 1861 2620 Tadaei,
1878 2582 1992 2614 oculte

142 2629 237 2662 venit
260 2635 410 2661 armatus
432 2630 479 2662 ad
501 2636 658 2663 zostram.
704 2632 749 2664 Et
772 2633 931 2665 dominus
953 2635 1060 2666 sensit
1082 2640 1116 2666 et
1140 2635 1247 2667 iratus
1271 2634 1338 2666 fuit
1358 2639 1392 2666 et
1408 2634 1537 2666 destrui
1553 2633 1639 2666 fecit
1655 2639 1810 2667 zostram.
1857 2635 1991 2667 Tamen

78 2680 119 2714 45
144 2687 275 2715 tantum
292 2682 360 2715 fuit
376 2689 524 2727 rogatus,
549 2684 642 2727 quod
657 2691 769 2717 zostra
784 2685 985 2729 reincoepta
1001 2687 1083 2726 fuit3
1100 2693 1134 2720 et
1149 2693 1400 2730 superestantes
1417 2692 1549 2731 ‚costrae
1564 2692 1678 2719 erant:
1697 2687 1856 2719 dominus
1871 2688 1993 2721 Passa-

144 2735 240 2768 rinus
263 2736 307 2768 de
330 2736 364 2768 la
387 2736 500 2769 Turre
524 2737 567 2770 de
583 2737 794 2777 Mediolano,
819 2739 978 2772 dominus
1000 2740 1137 2784 Negrus
1161 2741 1206 2773 de
1228 2741 1388 2773 Bruxatis
1412 2740 1455 2772 de
1471 2739 1591 2772 Brixia
1613 2745 1648 2772 et
1670 2739 1802 2783 Ugutio
1829 2741 1873 2773 de
1895 2741 1994 2774 Tho-

144 2788 286 2821 lomaeis
309 2789 353 2821 de
377 2789 487 2828 Senis,
511 2790 571 2833 qui
597 2790 768 2824 debebant
791 2791 911 2824 videre
927 2793 1005 2836 quis
1020 2793 1233 2826 obtinebant.
1279 2793 1325 2825 Et
1347 2793 1399 2825 ibi
1422 2798 1495 2825 erat
1517 2792 1636 2836 Ziglus
1653 2793 1696 2825 de
1712 2793 1879 2826 Tebaldis
1896 2799 1994 2827 nota-

145 2841 227 2882 rius,
251 2842 311 2886 qui
333 2842 506 2876 scribebat
530 2844 659 2887 culpos,
683 2845 871 2878 secundum
895 2846 989 2889 quod
1011 2846 1062 2879 illi
1085 2847 1283 2889 superstites
1308 2845 1469 2879 dicebant
1492 2845 1569 2878 sibi.

2053 895 2074 911 c.
2089 894 2145 914 0211

237 2967 268 2995 15
286 2961 478 2997 amosi-simi]
497 2963 526 2988 Il
541 2964 596 2989 cod.
614 2963 771 2990 ramossimi
791 2977 823 2983 --
843 2969 875 2997 35
896 2964 978 2998 duos]
995 2973 1075 2998 segue
1093 2966 1301 2991 ambaxiatores
1320 2965 1466 2991 cancellato
