2196 3424
128 192 211 228 [ΛΑ.
231 193 418 226 1303-1305]
718 185 1038 221 MEMORIALE
1066 186 1390 222 HISTORICUM
1918 189 1967 225 29

124 321 311 355 honoratus
327 325 362 354 et
379 320 526 354 dilectus
548 332 570 354 a
593 321 725 355 civibus
747 321 934 360 Bononiae,
959 327 994 354 et
1017 332 1095 354 cum
1118 321 1267 354 maximo
1288 320 1419 354 honore
1434 322 1592 364 sepultus
1609 321 1654 355 ad
1671 320 1836 355 Sanctum
1852 322 1970 356 Domi-

126 375 260 412 nicum;
284 374 330 407 ad
353 373 450 417 cujus
472 375 634 417 exequias
657 374 799 408 fuerunt
821 375 936 407 omnia
958 374 1127 417 regimina
1150 374 1299 407 civitatis
1321 374 1498 407 Bononiae
1522 380 1556 407 et
1578 374 1734 407 homines
1765 375 1969 415 sotietatum‚

125 433 160 460 et
182 438 289 471 usque
313 432 397 460 tunc
421 439 607 470 numquam
630 428 739 460 visum
763 427 830 461 fuit
852 427 926 460 fieri
949 427 1112 470 majorem
1137 427 1303 460 honorem
1326 427 1431 460 alicui
1454 427 1554 460 alteri
1578 427 1791 471 sepulturae:
1814 428 1881 462 hoc
1905 429 1970 462 fuit

125 481 181 513 die
205 490 275 522 an
294 479 379 523 julii,

81 532 100 566 5
213 534 347 566 Eodem
370 544 472 573 anno,
495 534 532 566 in
555 535 612 567 die
643 535 753 567 sancti
777 534 898 577 Jacobi
922 534 1008 567 dicti
1031 534 1157 566 mensis
1186 533 1271 576 julii.
1296 552 1338 557 —
1361 534 1528 567 Dominus
1558 534 1733 571 Comatius
1757 540 1792 568 et
1814 535 1971 568 dominus

116 587 321 625 Ubaldinus‚
345 593 380 619 et
410 587 536 620 fratres
565 587 625 621 filii
657 588 742 620 dicti
772 587 853 620 olim
886 588 1016 620 domini
1047 585 1191 619 Antonii
1228 587 1272 619 de
1305 586 1470 625 Galuciis,
1499 587 1645 620 fuerunt
1671 587 1757 620 facti
1787 588 1913 621 milites
1949 599 1971 620 a

124 640 262 672 comuni
284 640 460 673 Bononiae
483 640 520 672 in
545 640 640 672 curia
663 640 748 673 dicti
772 640 937 678 comunis,
962 646 997 672 et
1020 640 1134 672 dictus
1157 639 1315 672 dominus
1338 639 1533 672 Ubaldinus
1555 639 1623 672 fuit
1646 640 1748 673 etiam
1772 640 1970 673 doctoratus

121 693 158 725 in
180 692 314 736 legibus
337 698 371 725 et
393 694 532 735 accepit
555 694 590 725 in
613 703 755 726 uxorem
781 693 954 726 dominam
977 693 1125 729 Claram,
1150 692 1254 724 filiam
1280 692 1409 724 domini
1433 691 1558 725 Fulchi
1582 693 1626 725 de
1649 692 1809 726 Pacibus.

0 788 1 791 Ἴ
210 746 432 779 M.CCCIIII.
456 746 590 780 Eodem
613 756 716 779 anno.
734 765 775 770 —
793 747 950 789 Filippus
967 746 1010 778 de
1026 746 1187 779 Vianova
1202 745 1357 787 capellae
1381 751 1521 778 sanctae
1536 745 1747 789 Margaritae
1763 746 1968 779 interfectus

0 817 2 823 ν
60 799 100 831 10
122 799 199 838 fuit,
224 810 292 842 qua
315 800 359 832 de
392 811 494 832 causa
525 800 721 833 destructae
752 799 893 832 fuerunt
924 799 1045 832 domus
1075 798 1264 842 Sanguinei
1300 804 1335 831 et
1362 798 1545 831 Michaelis
1576 799 1620 831 de
1651 798 1761 831 Ceula
1792 805 1827 832 et
1857 799 1971 832 omnia

122 852 190 885 alia
213 862 331 885 eorum
354 853 455 886 bona.

210 906 345 938 Eodem
368 917 469 939 anno.
495 926 536 930 —
560 907 716 940 Comune
740 907 917 940 Bononiae
941 906 1032 939 misit
1056 906 1125 938 duo
1148 905 1323 948 quarteria
1346 905 1534 938 Forlivium
1557 905 1593 937 in
1616 905 1793 938 servitium
1817 906 1971 938 comunis

122 959 276 992 Forlivii.

209 1012 344 1045 Eodem
379 1024 481 1047 anno.
521 1031 558 1038 -·
591 1014 759 1047 Dominus
790 1013 1002 1057 Ingilfredus
1031 1013 1075 1045 de
1107 1012 1228 1045 Padua
1258 1011 1325 1045 fuit
1356 1016 1506 1054 potestas
1536 1011 1712 1044 Bononiae
1744 1017 1779 1056 et
1813 1012 1970 1044 dominus

59 1063 96 1096 15
120 1065 332 1099 Rambertus
356 1067 400 1100 de
424 1068 624 1101 Rambertis
647 1068 691 1100 de
715 1067 875 1100 Ferraria
897 1067 965 1100 fuit
987 1066 1199 1108 capitaneus.

208 1119 344 1152 Eodem
367 1131 468 1154 anno.
493 1139 535 1144 —-
558 1122 726 1154 Dominus
748 1121 891 1154 Marcus
915 1121 958 1153 de
982 1118 1181 1163 Albergatis
1204 1119 1271 1151 fuit
1294 1119 1426 1151 electus
1451 1123 1604 1160 potestas
1630 1118 1779 1151 civitatis
1809 1118 1965 1151 Parmae.

210 1173 344 1206 Eodem
369 1184 471 1207 anno.
496 1192 539 1198 —-
562 1175 642 1207 Fuit
665 1175 815 1207 maxima
836 1173 955 1216 pluvia
977 1174 1014 1205 in
1036 1172 1205 1211 Bononia,
1229 1182 1318 1214 quae
1348 1171 1483 1213 incepit
1514 1171 1570 1203 die
1595 1180 1674 1212 xer
1697 1171 1823 1203 mensis
1846 1171 1971 1213 aprelis

120 1230 155 1257 et
180 1225 316 1259 duravit
338 1238 447 1271 usque
471 1228 516 1260 ad
540 1237 621 1269 XVIJ
645 1228 737 1260 diem
760 1227 888 1260 mensis
911 1225 1002 1269 maji.

207 1279 342 1312 Eodem
367 1291 458 1313 anno
481 1286 517 1313 et
539 1292 668 1313 mense.
694 1299 735 1304 —
759 1280 926 1313 Baldinus
956 1289 1072 1311 comes
1102 1278 1283 1311 bastardus
1315 1278 1359 1309 de
1391 1277 1523 1309 Panico
1555 1276 1622 1309 fuit
1654 1277 1869 1319 decapitatus
1899 1287 1969 1309 una

53 1332 96 1363 20
120 1342 199 1364 cum
224 1333 357 1365 duobus
381 1333 425 1366 de
448 1333 653 1366 Luminaxio
678 1339 713 1366 et
736 1333 869 1366 duobus
893 1333 937 1365 de
961 1331 1110 1370 Venola,
1134 1341 1198 1373 pro
1222 1331 1371 1374 quadam
1395 1330 1602 1372 proditione,
1627 1329 1663 1361 in
1687 1329 1819 1372 Campo
1835 1330 1925 1362 Fori-

205 1384 394 1419 M.CCCV.
419 1387 553 1419 Eodem
576 1398 679 1419 anno.
704 1405 745 1410 ——
768 1386 935 1418 Dominus
958 1385 1113 1417 marchio
1129 1383 1224 1427 Acco
1241 1383 1395 1416 Este'nsis
1419 1383 1463 1415 de
1487 1382 1647 1415 Ferraria
1664 1382 1761 1415 duxit
1776 1382 1812 1414 in
1828 1392 1968 1415 uxorem

118 1437 291 1470 dominam
315 1438 533 1478 Beatrixiam‚
558 1440 661 1472 filiam
685 1440 776 1483 regis
807 1439 948 1472 Charoli
980 1438 1023 1471 de
1055 1437 1215 1471 Francia.

206 1491 340 1524 Eodem
364 1502 466 1531 anno,
491 1492 534 1525 de
558 1503 676 1525 mense
701 1492 792 1535 maji.
819 1510 857 1515 -
882 1491 978 1523 Pluit
1000 1490 1165 1523 continuo
1190 1489 1323 1522 duobus
1346 1489 1469 1522 diebus
1493 1495 1528 1522 et
1551 1488 1684 1521 duabus
1711 1488 1879 1526 noctibus,
1903 1498 1971 1531 qua

118 1543 162 1575 de
186 1554 290 1577 causa
311 1544 497 1589 Navigium
519 1546 702 1578 inundavit
725 1546 845 1578 domos
870 1544 989 1577 Sancti
1012 1543 1140 1577 Felicis
1164 1549 1199 1575 et
1221 1554 1290 1575 una
1304 1553 1385 1585 pars
1409 1542 1500 1575 Sassi
1524 1541 1692 1575 Grosinae
1716 1542 1784 1574 ruit
1806 1541 1855 1574 ita
1877 1541 1970 1584 quod

51 1594 93 1628 25
118 1596 250 1629 occidit
271 1597 474 1631 heremitam
498 1599 556 1641 qui
579 1599 628 1631 ibi
651 1599 840 1631 habitabat.

206 1650 341 1683 Eodem
364 1661 465 1684 anno.
492 1670 530 1675 —
555 1652 723 1684 Dominus
746 1651 921 1684 Henricus
946 1651 989 1684 de
1013 1650 1241 1694 Mecovilanis
1265 1650 1331 1682 fuit
1353 1654 1505 1691 potestas
1529 1648 1677 1680 civitatis
1700 1647 1866 1680 Pisarum.

205 1702 340 1736 Eodem
363 1715 464 1738 anno.
489 1723 531 1728 —
554 1705 632 1738 Duo
656 1705 831 1748 quarteria
855 1704 1004 1737 civitatis
1026 1703 1216 1742 Bononiae,
1240 1703 1408 1735 videlicet
1438 1702 1489 1734 illi
1513 1702 1557 1734 de
1580 1706 1682 1743 porta
1703 1700 1911 1744 Ravignana
1935 1706 1970 1732 et

116 1756 226 1788 sancti
249 1755 400 1796 Proculi,
425 1758 667 1801 equitaverunt
689 1758 735 1791 ad
758 1764 900 1801 pontem
924 1757 1037 1790 sancti
1060 1755 1241 1790 Ambroxii
1265 1761 1300 1789 et
1325 1761 1494 1798 ceperunt
1510 1755 1620 1797 ipsum
1636 1759 1788 1796 pontem.

204 1808 355 1842 Eodem'
378 1821 479 1850 anno,
504 1811 547 1844 de
570 1823 688 1844 mense
712 1811 919 1844 novembris.
947 1829 984 1834 ——-
1009 1809 1167 1843 Potestas
1189 1809 1367 1842 Bononiae
1391 1814 1427 1841 et
1449 1813 1521 1840 tota
1544 1807 1666 1840 militia
1689 1817 1768 1839 cum
1792 1806 1961 1849 equitato-

51 1861 93 1893 30
117 1861 210 1894 ribus
239 1867 275 1895 et
304 1863 457 1906 equabus
487 1865 669 1897 comitatus
698 1865 837 1897 iverunt
865 1865 910 1897 ad
942 1869 1092 1897 castrum
1115 1863 1253 1896 Marani
1277 1863 1320 1895 de
1345 1861 1527 1905 Campigla
1557 1866 1592 1893 et
1623 1865 1792 1902 ceperunt
1814 1859 1903 1892 illud
1934 1865 1969 1891 et

115 1914 388 1950 aedificaverunt
409 1928 515 1950 unum
538 1918 633 1950 aliud
657 1923 807 1950 castrum
828 1917 924 1960 juxta
946 1922 1088 1960 pontem
1112 1916 1223 1949 sancti
1245 1914 1426 1948 Ambroxii
1448 1925 1470 1946 a
1492 1923 1569 1946 sero
1593 1923 1714 1956 aquae.

204 1966 338 2001 Eodem
361 1980 462 2003 anno.
489 1989 526 1994 -
552 1971 633 2004 Fuit
655 1977 754 2014 septa
775 1971 892 2003 fratris
915 1970 1067 2009 Dulcini,
1092 1969 1152 2012 qui
1174 1969 1287 2012 primo
1310 1968 1418 2001 voluit
1443 1967 1616 2000 comburri
1640 1977 1742 2009 quam
1766 1966 1956 2008 poenitere.

202 2020 409 2056 M.CCCV1.
433 2023 567 2056 Eodem
591 2033 693 2057 anno.
718 2042 760 2047 —-
783 2024 950 2056 Dominus
980 2023 1111 2067 Symon
1135 2023 1179 2054 de
1210 2021 1345 2059 Parma,
1368 2026 1520 2063 potestas
1542 2019 1731 2058 Bononiae,
1755 2019 1885 2051 antiani
1909 2029 1969 2051 co-

115 2073 227 2106 munis
242 2074 431 2115 Bononiae,
453 2076 608 2109 Buxinus
630 2076 839 2120 praeconsul
862 2076 1084 2109 Notariorum
1106 2082 1142 2108 et
1163 2074 1366 2108 Dominicus
1388 2072 1601 2117 Lixignolus,
1626 2072 1791 2104 defensor
1813 2072 1968 2104 comunis

49 2124 90 2157 35
115 2136 179 2168 pro
203 2136 254 2158 xx
276 2128 499 2162 societatibus
528 2128 667 2162 Artium
698 2135 734 2163 et
763 2129 950 2162 Armorum
975 2129 1124 2162 civitatis
1147 2127 1336 2166 Bononiae,
1364 2126 1532 2159 miserunt
1562 2134 1626 2167 pro
1657 2124 1815 2157 omnibus
1845 2124 1968 2156 defen-

114 2179 248 2212 soribus
269 2181 454 2221 veteribus,
477 2182 559 2226 quia
589 2182 773 2216 dicebatur
804 2183 898 2226 quod
930 2181 1120 2215 Ghibellini
1152 2179 1386 2223 procurabant
1416 2179 1534 2211 facere
1566 2177 1754 2210 novitatem
1785 2177 1821 2209 in
1853 2177 1968 2209 Bono-

110 2232 188 2270 'nia3
211 2232 302 2265 inter
325 2243 410 2276 quos
440 2235 641 2268 defensores
664 2235 821 2278 Julianus
846 2235 890 2268 de
921 2234 1126 2268 Forbicibus
1150 2239 1185 2266 et
1215 2232 1390 2276 Johannes
1422 2231 1466 2264 de
1497 2230 1628 2263 Sancto
1658 2229 1787 2262 Rofino
1811 2229 1967 2273 requisiti

113 2284 256 2318 fuerunt
278 2296 299 2317 a
322 2286 462 2320 domino
484 2293 652 2330 potestate
677 2293 712 2321 et
734 2287 959 2332 regiminibus
983 2287 1027 2319 de
1052 2286 1147 2319 dicto
1171 2285 1320 2330 negotio,
1345 2284 1373 2316 si
1396 2283 1527 2326 aliquid
1550 2282 1718 2316 sciebant.
1766 2281 1838 2320 Qui
1861 2282 1967 2325 Julia-
1994 2292 1996 2296 ¹

114 2348 178 2370 nus
212 2338 390 2371 confessus
424 2339 491 2372 fuit
521 2340 616 2383 quod
646 2340 731 2382 ipse,
759 2351 829 2372 una
862 2350 941 2372 cum
975 2338 1114 2371 domino
1145 2337 1328 2369 Dinadano
1365 2336 1408 2368 de
1440 2335 1669 2379 Symopicolis
1700 2339 1736 2367 et
1766 2335 1809 2367 de
1845 2335 1966 2367 volun-

48 2390 93 2422 40
113 2396 182 2423 tate
206 2391 361 2430 aliorum,
385 2392 446 2435 qui
468 2398 551 2425 tunc
575 2393 769 2437 regnabant
790 2393 827 2425 in
850 2392 1018 2430 Bononia,
1041 2392 1179 2424 iverunt
1201 2400 1264 2433 pro
1289 2388 1580 2422 ambaxiatoribus
1603 2388 1648 2420 ad
1672 2387 1847 2420 civitatem
1865 2387 1967 2419 Man-

113 2449 193 2476 tuae
223 2450 260 2477 et
288 2444 468 2484 Veronae,
499 2456 604 2478 causa
634 2446 821 2478 ordinandi
852 2451 1038 2478 tractatum
1069 2444 1218 2477 fatiendi
1250 2443 1463 2476 cavalcatam
1495 2451 1599 2484 super
1630 2440 1803 2473 territorio
1837 2440 1967 2472 domini

113 2496 321 2529 marchionis
343 2497 533 2537 Penariae,
557 2499 652 2540 quod
680 2498 820 2531 minime
844 2498 1018 2536 fecerunt,
1049 2506 1131 2541 ymo
1163 2501 1400 2528 tractaverunt
1431 2494 1550 2526 venire
1578 2493 1624 2525 ad
1654 2493 1830 2525 civitatem
1861 2492 1966 2536 Regii

114 2554 149 2581 et
171 2549 332 2591 accipere
355 2550 506 2594 Regium
530 2557 565 2583 et
588 2551 762 2593 expellere
788 2551 831 2583 de
855 2550 970 2593 Regio
993 2556 1128 2592 partem
1153 2548 1345 2581 Ecclesiae.
1392 2547 1438 2579 Et
1460 2547 1512 2579 illi
1536 2546 1579 2579 de
1603 2546 1836 2579 Romandiola
1860 2545 1966 2578 debe-

112 2601 195 2634 bant
218 2602 336 2635 venire
359 2603 550 2636 Bononiam
575 2610 609 2636 et
633 2604 807 2646 expellere
833 2604 876 2636 de
901 2603 1059 2636 Bononia
1081 2608 1215 2645 partem
1240 2601 1433 2639 Ecclesiae,
1456 2599 1624 2632 videlicet
1646 2604 1781 2641 partem
1798 2599 1964 2642 guelfam.

47 2651 88 2684 45
114 2654 160 2686 Et
181 2654 391 2697 principales
420 2655 519 2699 hujus
549 2662 714 2689 tractatus
738 2656 880 2689 fuerunt
904 2656 1063 2688 dominus
1092 2654 1348 2687 Bonincontrus
1380 2653 1424 2685 de
1454 2651 1626 2694 Hospitali
1654 2652 1773 2695 judeX‚
1806 2651 1964 2684 dominus

0 2700 1 2704 ¹
112 2706 241 2740 Paulus
264 2707 308 2740 de
332 2707 454 2741 Corvis
477 2714 512 2741 et
534 2709 742 2748 Franciscus
766 2708 944 2741 Guilielmi
968 2708 1012 2740 de
1037 2706 1305 2739 Guastavillanis
1329 2716 1407 2738 cum
1431 2705 1547 2749 multis
1570 2704 1645 2736 aliis
1669 2704 1713 2736 de
1737 2709 1834 2746 parte
1861 2703 1965 2735 Lam-

112 2759 355 2793 bertacioru‘m.
401 2761 447 2793 Et
471 2767 555 2793 tunc
586 2761 734 2803 populus
768 2761 946 2793 Bononiae
979 2760 1115 2792 cucurit
1145 2759 1191 2791 ad
1221 2758 1371 2801 plateam
1403 2757 1585 2790 clamando
1617 2762 1652 2789 et
1683 2756 1852 2789 dicendo:
1885 2755 1964 2788 Mo-

112 2812 244 2844 riantur
265 2813 474 2855 proditores!
498 2813 645 2846 Mittatis
667 2813 762 2855 ipsos
786 2813 985 2855 proditores
1008 2812 1165 2850 inferius,
1190 2812 1274 2843 alias
1298 2821 1361 2843 nos
1386 2810 1642 2843 comburremus
1665 2809 1830 2851 palatium
1854 2815 1889 2841 et
1912 2809 1965 2840 in-

201 2915 218 2940 9
237 2907 375 2941 Filippus]
389 2909 540 2939 precedeva
553 2909 694 2933 Dominus
706 2917 720 2932 e
725 2908 764 2942 fu
776 2909 923 2934 cancellato
935 2922 968 2925 —
984 2906 1064 2934 16-20
1083 2907 1190 2932 Notizie
1201 2914 1269 2939 agg.
1280 2905 1330 2937 piu'
1348 2906 1428 2933 tardi
1442 2920 1474 2924 —
1488 2908 1568 2941 23-25
1588 2905 1629 2930 Da·
1645 2907 1734 2929 contro
1751 2908 1840 2943 questa
1854 2905 1960 2938 notizt'q,

113 2950 140 2974 in
158 2951 290 2983 margine,
312 2948 327 2988 b>
342 2950 450 2975 scritto:
468 2951 563 2979 Ruina

2043 758 2134 781 c.Jaeb

2045 1396 2138 1415 6.,536

2039 1816 2114 1839 Mus..
2131 1815 2166 1835 1³⁴

2044 2029 2137 2052 ε.],1ῠ
