2242 3418
111 536 129 570 5

153 197 204 234 [A.
224 199 311 232 1403]
749 185 1069 224 MEMORIALE
1097 184 1420 222 HISTORICUM
1950 182 1996 220 93

155 326 314 359 dominus
336 323 540 357 Baldesarra
562 323 669 356 Cossa
692 322 735 355 de
758 321 918 365 Neapoli,
942 320 1130 354 cardinalis
1152 326 1187 353 et
1209 320 1343 363 legatus
1364 329 1428 361 pro
1451 323 1570 351 sancta
1593 317 1761 356 Ecclesia,
1785 316 1928 349 intravit
1952 316 2002 347 fe-

153 379 270 412 liciter
291 378 469 410 civitatem
492 376 686 415 Bononiae;
709 381 744 408 et
767 381 850 408 tunc
872 375 1021 418 populus
1043 379 1116 406 erat
1139 379 1231 406 totus
1252 378 1402 405 armatus
1433 377 1467 404 et
1491 372 1556 404 ivit
1579 371 1716 404 obviam
1741 370 1836 403 dicto
1861 369 2001 402 domino

153 431 324 467 cardinali
347 430 516 463 cridando
532 440 666 462 omnes:
684 448 725 453 —
741 429 834 462 Viva
850 429 885 461 la
900 427 1067 461 Ghiexial
1085 446 1127 450 -
1143 427 1189 459 Et
1205 431 1296 459 totus
1319 426 1430 458 clerus
1453 424 1630 458 Bononiae
1646 429 1680 457 et
1697 425 1765 456 duo
1782 434 1824 455 ex
1839 422 2000 460 antianis,

153 485 318 518 videlicet
336 484 495 517 dominus
509 482 675 516 Albertus
692 483 734 515 de
751 481 915 514 Blanchis
938 481 1035 516 miles
1050 486 1085 513 et
1100 480 1281 512 Mathaeus
1305 479 1348 511 de
1372 478 1599 516 Griffonibus,
1618 479 1660 511 de
1675 477 1838 510 mandato
1855 476 2000 508 aliorum

153 538 382 576 antianorum‚
407 537 544 569 iverunt
567 536 705 569 obviam
729 535 824 568 dicto
849 535 989 567 domino
1014 532 1185 566 cardinali
1209 538 1243 565 et
1275 533 1446 565 duxerunt
1469 531 1536 564 sibi
1559 531 1714 563 redanas.
1761 530 1806 563 Et
1829 539 1910 562 vere
1933 527 2001 560 fuit

153 591 281 624 bonum
303 601 367 633 pro
391 590 501 629 nobis,
526 590 608 633 quia
631 588 789 621 Bononia
811 593 885 620 erat
908 588 1060 619 afamata
1082 592 1224 629 propter
1246 596 1404 630 guerram
1420 590 1455 617 et
1470 595 1540 617 non
1555 589 1691 626 poterat
1707 589 1797 616 stare
1820 583 1919 627 pejus
1941 581 2002 613 illa

153 645 240 677 vice.
286 644 332 676 Et
355 643 399 676 de
422 643 518 675 dicto
541 652 656 675 mense
678 642 821 674 Nannes
843 641 887 673 de
911 640 1100 674 Gozadinis
1116 639 1249 682 incepit
1265 639 1510 672 tradimentum
1535 643 1656 670 contra
1675 636 1879 674 Ecclesiam,
1898 645 2000 667 causa

152 697 331 740 acipiendi
355 697 547 729 dominium
570 706 633 738 pro
657 706 702 736 se.
748 695 793 727 Et
817 694 976 727 dominus
999 693 1188 726 cardinalis
1212 692 1381 724 sentiebat
1405 691 1522 724 omnia
1544 696 1579 723 et
1602 690 1753 734 fingebat
1776 689 1886 721 nichil
1910 688 2000 720 scire

152 757 187 784 et
210 761 395 794 numquam
419 750 529 782 voluit
552 749 670 782 dicere
685 748 829 792 aliquid.
877 746 1056 781 Sed'misit
1071 745 1188 779 unam'
1206 746 1338 778 cridam
1355 756 1398 777 ex
1412 750 1510 787 parte
1526 755 1596 783 sua,
1614 743 1708 786 quod
1720 743 1747 775 si
1760 742 1885 786 aliquis
1901 746 1998 779 esset,

91 804 130 837 10
153 804 213 847 qui
236 803 378 836 sentiret
401 814 436 835 se
460 802 666 844 culpabilem
689 802 726 834 in
749 801 867 844 aliquo
890 806 1050 839 tractatu,
1075 799 1215 832 deberet
1238 799 1400 831 recedere
1423 798 1467 830 de
1489 796 1657 830 Bononia.
1703 797 1748 829 Et
1764 806 1818 828 res
1840 795 1935 827 stetit
1949 794 2000 826 sic

89 1067 126 1101 15

83 1335 126 1365 20

81 1596 123 1629 25

81 1864 123 1895 30

80 2125 121 2159 35

152 862 294 899 coperta
317 867 424 899 usque
447 856 492 888 ad
515 855 666 888 medium
689 865 838 887 mensem
863 853 1030 891 octobris3
1055 859 1089 885 et
1113 853 1150 884 in
1174 852 1288 885 medio
1320 852 1395 894 ipso
1423 861 1538 883 mense
1566 850 1754 889 Gabionus,
1777 849 1868 881 filius
1891 848 2002 891 major

152 910 261 952 ipsius
283 909 426 948 Nannis,
451 920 529 941 cum
553 909 701 952 quadam
725 919 786 940 sua
809 907 973 940 comitiva
994 906 1124 939 levavit
1146 915 1252 938 unum
1283 915 1453 937 rumorem
1483 905 1519 936 in
1543 904 1658 946 platea
1680 909 1714 935 et
1744 903 1882 934 finserat
1911 900 2000 933 velle

151 963 345 995 interficere
367 962 613 994 Maltraversos
646 966 681 993 et
717 961 814 993 dedit
840 960 1033 1004 intelligere
1063 959 1180 991 multis
1209 957 1463 991 Scachensibus
1494 957 1588 1000 quod
1618 956 1756 989 volebat
1786 965 1924 987 currere
1955 951 2000 985 ad

152 1017 271 1048 domos
293 1015 614 1059 Maltraversorum3
641 1019 676 1046 et
703 1014 769 1047 isto
793 1014 896 1047 modo
919 1013 1057 1046 volebat
1080 1013 1219 1054 acipere
1242 1011 1433 1044 dominium
1456 1021 1521 1053 pro
1544 1015 1642 1052 patre
1665 1019 1726 1042 suo
1749 1015 1784 1041 et
1807 1007 2001 1040 interficere

152 1079 269 1101 omnes
284 1069 414 1101 amicos
430 1068 562 1114 domini
577 1067 765 1101 cardinalis
780 1072 815 1099 et
831 1066 993 1109 decipere
1009 1075 1136 1098 omnes.
1168 1065 1239 1098 Sed
1254 1075 1317 1107 per
1331 1064 1397 1096 Dei
1413 1064 1560 1108 gratiam
1578 1074 1646 1096 non
1662 1062 1757 1095 venit
1773 1061 1839 1103 sibi
1856 1062 1999 1093 factum.

151 1122 196 1154 Et
219 1122 323 1157 etiam
347 1120 486 1154 dicebat
509 1121 638 1163 populo
669 1120 763 1163 quod
793 1120 953 1152 dominus
974 1118 1137 1157 Arimini,
1162 1118 1326 1150 videlicet
1357 1117 1526 1150 Charolus
1549 1117 1593 1149 de
1615 1115 1818 1154 Malatestis,
1843 1114 1903 1157 qui
1927 1118 2001 1145 erat

150 1174 187 1206 in
211 1174 385 1213 citadella,
408 1173 546 1206 volebat
576 1173 665 1206 effici
697 1173 855 1205 dominus
878 1171 1055 1204 Bononiae
1077 1176 1111 1203 et
1141 1171 1220 1203 ideo
1252 1169 1390 1202 volebat
1421 1170 1532 1212 ipsum
1565 1169 1735 1211 expellere
1767 1168 1810 1200 de
1840 1166 2001 1199 citadella

149 1233 184 1259 et
207 1227 250 1260 de
273 1226 432 1259 Bononia
440 1239 449 1265 3
482 1227 575 1269 quod
606 1226 764 1264 sentiens,
797 1226 912 1258 dictus
942 1224 1087 1257 Carolus
1109 1223 1204 1256 misit
1234 1233 1298 1266 pro
1329 1223 1502 1255 massariis
1524 1222 1651 1254 artium
1683 1227 1717 1253 et
1749 1220 1847 1253 dedit
1869 1220 1919 1251 eis
1950 1219 2000 1250 ci-

150 1280 312 1313 tadellam
337 1280 380 1312 de
410 1290 578 1312 consensu
609 1279 741 1312 domini
774 1278 971 1317 cardinalis,
1002 1283 1040 1310 ut
1070 1277 1247 1309 videretur
1276 1275 1364 1308 bene
1394 1276 1468 1319 ejus
1491 1274 1701 1307 innocentia.
1748 1273 1819 1306 Sed
1842 1272 2000 1305 dominus

150 1334 346 1371 cardinalis,
369 1339 544 1376 tamquam
567 1332 655 1365 bene
670 1332 807 1375 sapiens
822 1337 856 1363 et
872 1336 1043 1372 expertus,
1066 1329 1302 1372 perpendebat
1326 1329 1369 1361 de
1392 1329 1532 1361 fictione
1555 1327 1706 1361 Gabioni
1730 1332 1764 1359 et
1788 1335 1924 1359 suorum
1949 1334 2000 1356 se-

150 1386 316 1429 quatium,
341 1386 436 1429 quod
459 1385 621 1418 volebant
644 1386 761 1417 facere
785 1383 961 1417 dominum
985 1383 1143 1416 Nannem
1167 1382 1210 1415 de
1234 1381 1433 1420 Gozadinis,
1450 1382 1533 1413 licet
1550 1381 1624 1423 ipse
1649 1380 1826 1413 Gabionus
1851 1377 2002 1412 cridaret

148 1439 194 1471 ad
217 1439 402 1471 cautelam:
420 1457 462 1462 —
478 1438 569 1471 Viva
584 1438 619 1471 la
635 1438 793 1471 Ghiexia.
812 1456 853 1461 —
870 1437 914 1469 Et
931 1437 1012 1469 dum
1029 1436 1103 1478 ipse
1120 1435 1298 1468 Gabionus
1321 1440 1407 1467 esset
1425 1435 1461 1466 in
1479 1435 1594 1476 platea
1610 1434 1713 1466 modo
1729 1432 1920 1476 praedicto,
1938 1431 1999 1463 do-

148 1492 261 1524 minus
285 1491 479 1530 cardinalis,
504 1491 564 1535 qui
589 1496 663 1524 erat
687 1496 866 1532 compater
881 1500 970 1528 suus,
987 1489 1099 1521 stabat
1114 1489 1160 1520 ad
1176 1489 1345 1520 fenestras
1361 1487 1483 1530 palatii
1499 1493 1533 1520 et
1549 1486 1689 1519 videbat
1712 1491 1746 1519 et
1770 1484 2001 1530 cognoscebat

149 1545 243 1588 quod
259 1544 435 1577 Gabionus
452 1550 630 1590 compater
645 1555 725 1576 suus
740 1543 909 1586 prodebat
933 1543 1055 1584 ipsum.
1102 1541 1147 1573 Et
1164 1540 1342 1573 Gabionus
1365 1540 1452 1572 fecit
1475 1540 1605 1582 pulsari
1630 1550 1833 1582 campanam
1857 1537 2000 1582 arenghi

147 1603 182 1630 et
199 1597 398 1630 cridabant:
411 1616 452 1620 -
465 1597 556 1630 Viva
569 1597 602 1629 la
614 1596 780 1629 Ghiexial
797 1606 893 1628 mora
905 1594 1131 1628 lacitadellal
1146 1613 1187 1618 —-
1200 1599 1234 1626 et
1250 1593 1407 1626 similiter
1422 1593 1560 1625 dicebat
1576 1593 1734 1635 populus,
1747 1593 1905 1624 nesciens
1920 1601 2000 1634 pro-

148 1651 315 1683 ditionem
332 1650 555 1692 praedictam.
587 1650 633 1682 Et
649 1649 826 1682 Gabionus
841 1649 909 1681 fuit
925 1653 1068 1681 vocatus
1085 1647 1252 1690 superius,
1269 1646 1329 1679 ubi
1345 1652 1419 1679 erat
1435 1646 1596 1679 dominus
1611 1645 1811 1685 cardinalis,
1827 1651 1862 1678 et
1878 1646 1922 1677 de
1938 1645 1999 1677 illo

147 1704 226 1736 loco
249 1713 319 1736 non
341 1703 455 1745 potuit
477 1703 556 1746 plus
578 1702 758 1735 discedere
781 1707 815 1734 et
839 1702 907 1734 fuit
931 1699 1109 1734 detentus.r
1154 1700 1219 1732 Die
1235 1710 1317 1732 vero
1341 1700 1509 1743 sequenti,
1533 1699 1577 1731 de
1600 1709 1710 1737 mane,
1734 1699 1910 1741 praefatus
1933 1698 1995 1731 do-

146 1756 258 1789 minus
281 1756 478 1795 cardinalis,
503 1756 563 1799 qui
586 1754 718 1788 sciebat
740 1760 848 1788 totam
871 1754 1102 1798 proditionem
1126 1759 1248 1786 contra
1263 1753 1376 1796 ipsum
1399 1752 1604 1791 ordinatam,
1621 1752 1713 1784 misit
1736 1763 1838 1784 unam
1855 1751 1999 1789 cridam,

146 1820 189 1841 ex
211 1809 264 1842 sui
287 1814 396 1852 parte,
421 1809 514 1852 quod
538 1819 655 1841 omnes
677 1808 833 1840 massarii
857 1807 1060 1840 societatum
1092 1806 1230 1839 Artium
1262 1805 1414 1839 civitatis
1437 1805 1614 1838 Bononiae
1638 1805 1782 1838 deberet
1804 1805 1923 1838 venire
1945 1815 2000 1836 ar-

146 1862 231 1895 mati
254 1872 357 1905 super
378 1863 494 1904 platea
510 1872 588 1894 cum
603 1861 762 1894 omnibus
778 1861 975 1894 hominibus
990 1870 1107 1892 eorum
1131 1860 1328 1892 sotietatum
1344 1859 1431 1892 bene
1455 1859 1605 1891 armatis.
1651 1859 1697 1891 Et
1717 1859 1766 1891 sic
1790 1859 1920 1891 factum
1936 1863 1998 1890 est.

147 1916 193 1948 Et
217 1915 457 1947 cum‘fuerunt
480 1914 529 1947 ibi
552 1925 680 1954 omnes,
705 1914 779 1957 ipse
802 1914 962 1947 dominus
985 1913 1173 1946 cardinalis
1195 1922 1274 1944 cum
1298 1912 1414 1944 multis
1437 1911 1634 1944 hominibus
1650 1912 1693 1944 de
1709 1911 1868 1944 domibus
1890 1910 2000 1953 partis

146 1968 378 2006 schachensis‚
400 1975 442 2000 eo
466 1967 548 2010 quia
570 1967 791 2000 Maltraversi
807 1967 1024 2010 aufugerant,
1042 1966 1125 2009 quia
1140 1971 1238 1997 erant
1255 1975 1333 1997 cum
1357 1965 1426 1997 illis
1449 1964 1580 1997 domini
1598 1965 1696 1998 ducis
1711 1963 1997 2001 Mediolanensis‚

145 2021 323 2063 praefatus
346 2020 503 2053 dominus
519 2020 705 2053 cardinalis
720 2030 825 2063 eques
842 2030 920 2052 cum
936 2019 1019 2061 ipsis
1035 2018 1192 2051 omnibus
1208 2018 1314 2050 dixit:
1334 2036 1375 2040 —
1393 2017 1463 2056 Qui
1479 2029 1534 2050 me
1552 2017 1676 2061 diligit,
1693 2028 1748 2050 me
1764 2023 1938 2060 sequatur.
1956 2035 1998 2039 -

146 2074 192 2106 Et
214 2079 297 2106 tunc
320 2072 383 2105 ivit
405 2073 451 2106 ad
473 2079 609 2116 portam
633 2078 760 2105 stratae
775 2072 887 2105 sancti
904 2071 1071 2114 Stephani
1100 2077 1135 2104 et
1151 2080 1268 2103 omnes
1284 2076 1319 2103 et
1341 2076 1433 2103 totus
1455 2071 1603 2113 populus
1626 2076 1762 2103 secutus
1784 2071 1851 2103 fuit
1874 2071 1997 2112 ipsum,

147 2127 228 2170 quia
251 2127 384 2160 dictum
407 2127 474 2159 fuit
498 2127 592 2169 quod
614 2131 715 2169 porta
738 2131 865 2158 stratae
890 2125 1002 2158 sancti
1027 2124 1218 2167 Stephanni
1241 2125 1355 2156 fuerat
1378 2129 1537 2166 accepta.
1583 2124 1629 2156 Et
1644 2129 1726 2157 tunc
1743 2129 1835 2156 totus
1852 2124 1999 2167 populus

125 2214 132 2217 ,
149 2179 326 2213 cridabat:
340 2197 382 2202 —
395 2178 429 2211 A
446 2179 478 2211 la
500 2184 612 2221 porta,
637 2190 658 2211 a
675 2178 713 2212 la·
722 2184 834 2221 porta.
847 2196 892 2201 —
907 2178 954 2210 Et
969 2183 1189 2210 accesserunt
1204 2177 1250 2209 ad
1267 2177 1395 2210 dictam
1411 2182 1547 2219 portam
1564 2186 1642 2209 cum
1660 2177 1801 2210 domino
1825 2178 1939 2220 legato
1963 2182 1997 2209 et

147 2232 197 2265 ibi
221 2233 381 2276 proeliati
405 2233 545 2264 fuerunt
569 2232 699 2265 dictam
723 2237 857 2274 portam
881 2236 916 2263 et
938 2231 1046 2273 ipsam
1070 2235 1377 2273 recuperaverunt3
1402 2236 1436 2262 et
1460 2235 1628 2272 ceperunt
1652 2230 1829 2263 dominum
1852 2228 1999 2262 Bonifa-

146 2286 232 2318 tium
257 2286 301 2319 de
332 2285 530 2324 Gozadinis,
554 2285 699 2318 fratrem
723 2285 811 2318 dicti
835 2284 978 2323 Nemnis,
995 2289 1029 2316 et
1051 2294 1168 2316 secum
1193 2288 1359 2315 venerant
1383 2283 1478 2315 circa
1500 2286 1557 2315 111ο
1579 2283 1725 2325 pedites,
1750 2283 1938 2316 cridando:
1956 2301 1997 2305 ——

145 2339 214 2371 Via
236 2339 270 2371 la
293 2338 458 2371 Ghiexial
482 2338 541 2371 via
556 2338 591 2370 la
608 2338 771 2371 Ghiexial
789 2337 846 2370 via
861 2338 895 2370 la
911 2337 1055 2370 Ghesial
1073 2355 1115 2360 —
1131 2342 1166 2369 et
1181 2336 1279 2380 quasi
1296 2346 1413 2368 omnes
1429 2336 1628 2375 credebant,
1646 2338 1740 2380 quod
1764 2337 1937 2370 dicerent:
1956 2354 1998 2359 —

84 2393 127 2424 40
150 2392 242 2424 Viva
258 2391 293 2423 la
309 2391 470 2424 Ghiexial
484 2410 522 2414 —
536 2396 570 2423 et
585 2391 652 2434 ipsi
667 2390 839 2424 dicebant:
850 2409 889 2414 —
900 2390 969 2423 Via
984 2390 1019 2422 la
1031 2389 1194 2423 Ghiexial
1208 2408 1247 2412 —
1258 2389 1303 2422 Et
1317 2390 1456 2432 quando
1473 2390 1558 2422 dicti
1573 2389 1719 2432 pedites,
1733 2390 1792 2433 qui
1809 2395 1906 2422 erant
1919 2400 1998 2422 cum

78 2654 119 2687 45

146 2444 287 2478 domino
310 2443 495 2482 Bonifatio,
519 2449 699 2477 senserunt
721 2444 833 2486 ipsum
849 2454 921 2475 esse
938 2449 1088 2485 captum,
1105 2453 1223 2475 omnes
1238 2443 1424 2486 fugierunt.
1471 2443 1516 2474 Et
1533 2442 1691 2475 dominus
1715 2443 1903 2476 cardinalis
1920 2452 1998 2474 cum

144 2498 273 2540 populo
286 2498 458 2531 duxerunt
475 2497 651 2530 dominum
665 2497 880 2530 Bonifatium
893 2501 1032 2539 captum
1047 2496 1084 2528 in
1100 2496 1216 2538 platea
1227 2501 1262 2528 et
1273 2495 1372 2528 multi
1385 2496 1566 2528 voluerunt
1581 2496 1692 2538 ipsum
1709 2496 1919 2534 interficere3
1936 2496 1999 2528 sed

145 2550 305 2583 dominus
329 2550 518 2583 cardinalis
542 2550 653 2583 noluit
676 2551 771 2593 quod
794 2549 911 2582 taliter
933 2548 1138 2588 moriretur,'
1161 2554 1199 2581 ut
1221 2549 1345 2581 melius
1367 2548 1457 2581 scire
1479 2554 1593 2591 posset
1616 2549 1850 2591 proditionem
1875 2554 1997 2581 contra

144 2603 256 2646 ipsum
279 2603 491 2642 ordinatam;
516 2609 551 2636 et
568 2613 686 2636 omnes
703 2602 902 2635 cridabant:
921 2621 962 2626 -—
978 2602 1080 2635 Mora
1095 2602 1120 2634 li
1138 2602 1314 2634 tradituri!
1329 2621 1370 2625 —
1383 2601 1428 2634 Et
1444 2601 1593 2634 finaliter
1605 2611 1705 2646 unua,
1723 2602 1783 2645 qui
1799 2602 1999 2634 admenavit

144 2662 266 2689 contra
289 2656 422 2689 dictum
447 2656 623 2689 dominum
647 2655 873 2694 Bonifatium,
898 2655 1128 2688 interfecisset
1144 2655 1267 2698 ipsum,
1283 2655 1351 2687 nisi
1366 2654 1488 2687 fuisset
1502 2654 1678 2697 Johannes
1702 2655 1745 2687 de
1770 2654 1997 2694 Griffonibus,

144 2719 249 2742 zener
272 2709 381 2752 ipsius
406 2709 539 2742 domini
562 2702 745 2748 Bonifatii,
774 2709 835 2752 qui
865 2708 988 2741 evasit'
1019 2709 1132 2751 ipsum
1165 2708 1342 2741 dominum
1370 2707 1595 2740 Bonifatium.
1641 2707 1688 2740 Et
1720 2707 1898 2741 Gabionus
1922 2714 1997 2741 erat

145 2763 316 2802 detentus,
338 2763 409 2806 jam
434 2763 492 2795 die
515 2762 651 2795 veneris
675 2763 719 2795 de
742 2772 828 2801 sero,
853 2762 903 2794 ita
926 2762 1021 2805 quod
1044 2762 1148 2794 modo
1172 2767 1251 2794 sunt
1275 2762 1344 2794 duo
1369 2760 1474 2803 capti,
1499 2760 1635 2793 scilicet
1657 2765 1800 2803 patruus
1822 2766 1856 2794 et
1879 2770 1996 2804 nepos.

144 2815 189 2848 Et
199 2820 282 2848 tunc
296 2816 457 2848 dominus
473 2815 665 2848 cardinalis
680 2816 872 2858 praecepit,
889 2816 984 2859 quod
1001 2825 1119 2847 omnes
1137 2815 1350 2857 deponerent
1366 2824 1462 2846 arma
1479 2819 1513 2846 et
1529 2814 1728 2856 apperirent
1741 2814 1904 2847 stationes
1920 2825 1999 2850 suas

215 2953 231 2973 2
250 2948 406 2979 Bononiae3
425 2947 464 2981 et]
482 2955 565 2981 segue
583 2947 639 2973 duo
658 2954 692 2973 ex
709 2954 754 2972 an.
774 2947 919 2973 cancellato
939 2959 971 2965 —·
991 2946 1024 2972 28
1043 2946 1206 2979 cardinalis]
1233 2954 1315 2979 segue
1334 2946 1414 2972 misit
1432 2952 1517 2973 unam
1536 2945 1680 2972 cancellato

2075 730 2153 750 Mum,
2169 726 2207 747 212

2075 762 2086 775 C
2110 759 2138 774 1¹
2166 761 2180 773 α

2073 2558 2150 2580 Mum,
2166 2556 2206 2576 21³

2075 2722 2094 2738 c.
2111 2721 2153 2740 159
2169 2722 2182 2735 a
