2242 3418
43 1209 119 1233 Mum,
135 1209 175 1229 23⁰

65 2167 85 2182 c.
100 2162 140 2182 188
153 2169 168 2182 a

65 2274 84 2289 c.
99 2268 140 2288 188
154 2268 166 2288 ὸ

261 167 304 202 10
311 166 329 202 8
793 164 1074 200 MATTHAEI
1100 164 1170 199 DE
1200 164 1321 200 GRlF
1321 164 1352 199 F
1354 162 1546 200 ONIBUS
1805 168 1887 203 [AA.
1907 170 2096 204 1423-1425}

251 299 401 331 lomaeus
425 298 467 330 de
489 296 746 339 Montefregoso
771 296 814 328 de
836 296 964 338 Janua3
988 300 1023 327 et
1046 295 1205 327 dominus
1236 294 1424 326 cardinalis
1446 304 1509 335 per
1532 293 1602 325 vim
1634 294 1850 335 recuperavit
1882 295 2013 327 dictum
2037 306 2095 328 ca-

251 358 366 389 strum,
383 350 485 382 salvis
501 348 656 391 personis
672 348 843 381 dictorum
867 348 1121 390 occupantium.
1170 346 1242 384 Qui
1258 357 1375 379 omnes
1390 347 1610 390 aufugerunt,
1626 346 1791 379 videlicet
1807 347 1921 380 dictus
1937 348 2096 381 dominus

251 403 422 436 Antonius
437 408 472 435 et
487 402 651 434 Hercules
667 407 701 433 et
726 401 885 433 dominus
908 401 1035 433 Nixius
1060 401 1102 433 de
1127 400 1329 432 Garisendis
1352 399 1468 438 abbas,
1491 399 1668 442 Johannes
1692 400 1734 431 de
1750 399 1942 440 Balduinis,
1966 401 2094 437 Tomas

251 456 380 489 domini
404 454 510 497 Lippi
534 455 577 487 de
601 454 797 487 Ghisileriis
819 460 854 487 et
877 454 1018 497 quidam
1043 454 1152 490 cives3
1177 459 1212 485 et
1234 453 1300 485 hoc
1325 453 1393 484 fuit
1417 453 1461 484 de
1483 462 1599 484 mense
1619 452 1710 495 junii
1735 452 1823 485 dicti
1845 454 1939 486 anni.

338 509 403 541 Die
427 508 538 550 primo
562 507 708 551 augusti.
735 526 775 530 —
799 507 967 539 Dominus
982 507 1116 539 Bindus
1141 507 1184 538 de
1207 506 1404 538 Tolomaeis
1432 506 1476 538 de
1503 505 1604 538 Senis
1630 505 1726 538 venit
1749 516 1812 548 pro
1835 513 2003 549 potestate
2027 507 2095 540 Bo-
2141 508 2159 540 5

250 562 375 594 noniae
397 567 432 594 et
454 560 597 593 intravit
621 560 657 592 in
682 560 793 592 officio
810 560 911 593 valde
927 559 1116 592 honorifice
1132 564 1166 591 et
1181 559 1250 591 fuit
1267 558 1377 591 bonus
1391 564 1426 591 et
1441 558 1559 591 valens
1577 558 1679 591 homo
1695 564 1730 591 et
1744 564 1861 603 gratus
1877 560 1942 593 toti
1966 561 2094 603 populo

250 614 435 647 Bononiae.
492 631 495 634 ·

335 667 401 699 Die
424 677 491 708 an
516 666 603 699 dicti
626 666 761 699 mensis.
787 685 827 689 -
852 667 1026 698 Reversus
1060 665 1129 698 fuit
1164 665 1324 698 dominus
1347 665 1514 698 Nicolaus
1537 665 1721 708 episcopus
1744 665 1923 698 Bononiae
1951 667 1994 699 de
2023 678 2095 700 am-

249 721 409 758 bassaria,
434 720 493 752 ubi
518 725 657 752 steterat
681 729 743 760 XVJ
766 719 939 752 mensibus
962 719 1016 751 vel
1041 719 1149 751 circa.

334 772 660 810 M.CCCCXXIIII,
686 773 743 804 die
766 772 885 804 martis
901 772 1013 814 primo
1030 771 1208 804 februarii.
1227 790 1267 795 —
1283 771 1439 816 Agnelus
1463 772 1506 804 de
1529 771 1688 816 Pergula‚
1713 772 1915 814 capitaneus
1937 773 2091 817 gentium
2118 775 2158 807 lo

248 827 379 859 domini
405 826 503 859 ducis
525 825 728 864 Mediolani,
754 835 831 857 cum
855 824 1015 868 gentibus
1040 825 1127 857 dicti
1152 824 1284 857 domini
1309 825 1409 857 ducis
1431 825 1604 868 ingressus
1627 825 1695 857 fuit
1719 825 1896 858 civitatem
1913 826 2040 859 Im01ae
2055 833 2090 860 et

246 885 411 922 ceperunt
434 879 543 920 ipsam
574 878 751 910 civitatem
775 884 810 910 et
833 883 999 920 ceperunt
1029 878 1207 910 dominum
1237 877 1456 910 Ludovicum
1481 879 1525 910 de
1548 877 1728 917 Alidosiis,
1754 879 1932 911 dominum
1956 879 2094 919 Imolae,

246 939 280 965 et
302 938 421 975 postea
445 932 617 964 duxerunt
641 931 753 973 ipsum
777 937 811 964 et
827 941 970 963 uxorem
986 931 1225 963 Mediolanum
1243 932 1289 964 ad
1306 931 1430 964 ducem
1445 931 1653 970 Mediolani,
1669 932 1730 975 qui
1746 931 1858 974 ipsum
1879 932 1965 965 fecit
1981 932 2095 966 subito

249 985 430 1019 carcerari.

333 1039 465 1071 Eodem
488 1048 590 1076 anno,
615 1038 660 1070 de
682 1048 797 1070 mense
818 1038 920 1082 junii,
944 1038 1003 1071 die
1026 1048 1108 1079 va
1133 1038 1219 1070 dicti
1243 1038 1380 1070 mensis.
1405 1056 1446 1060 —
1470 1037 1578 1071 Venit
1593 1038 1786 1071 Bononiam
1802 1039 1943 1081 quidam
1960 1039 2095 1071 archie-
2121 1039 2158 1072 15

245 1092 417 1135 piscopus,
441 1092 501 1135 qui
524 1097 598 1124 erat
620 1091 908 1124 vicecamerarius
933 1091 1065 1124 domini
1089 1091 1198 1123 nostri
1222 1102 1332 1134 papae
1355 1091 1502 1124 Martini
1525 1097 1560 1124 et
1583 1091 1773 1124 vocabatur
1796 1092 1955 1125 dominus
1977 1092 2095 1125 Ludo-

246 1145 353 1185 vicus‚
369 1151 404 1178 et
418 1145 540 1177 missus
562 1145 631 1177 fuit
653 1144 712 1177 hic
735 1154 799 1187 pro
822 1144 1052 1188 gubernatore
1075 1144 1229 1176 civitatis
1251 1144 1440 1177 Bononiae.
1487 1145 1532 1177 Et
1554 1150 1632 1187 post
1655 1145 1791 1188 aliquos
1807 1145 1881 1178 dies
1896 1156 2011 1178 cassus
2026 1146 2095 1178 fuit

250 1199 409 1232 dominus
439 1198 628 1231 cardinalis
651 1197 823 1237 Senensis,
848 1197 908 1240 qui
932 1203 1006 1230 erat
1029 1199 1073 1230 de
1096 1197 1255 1230 Venetiis
1271 1203 1305 1230 et
1328 1203 1402 1230 erat
1425 1198 1483 1231 hic
1507 1197 1665 1242 legatus,'
1681 1203 1715 1230 et
1731 1198 1796 1231 ivit
1812 1199 1858 1231 ad
1874 1199 2033 1232 standum
2055 1199 2094 1231 in

245 1252 374 1285 Sancto
397 1251 581 1284 Dominico
605 1256 640 1283 et
663 1256 782 1292 postea
805 1250 870 1283 ivit
893 1251 1053 1283 Romam.
1483 1254 1486 1256 ’

332 1305 465 1337 Eodem
487 1314 590 1343 anno,
615 1305 658 1336 de
682 1304 778 1336 dicto
802 1314 917 1335 mense
938 1304 1040 1347 junii.
1066 1323 1106 1327 —
1132 1305 1312 1338 Venerunt
1336 1315 1426 1337 nova
1450 1306 1508 1338 hic
1533 1306 1627 1348 quod
1650 1314 1735 1349 gens
1758 1305 1846 1338 dicti
1871 1305 2003 1338 domini
2031 1315 2094 1338 no·
2116 1307 2159 1340 20

245 1358 307 1391 stri
330 1368 440 1400 papae
464 1357 668 1390 conflixerat
690 1363 810 1401 gentes
832 1355 950 1389 Bracii
976 1357 1019 1389 de
1042 1357 1221 1397 Montone‚
1247 1358 1379 1391 domini
1416 1359 1571 1391 civitatis
1605 1358 1751 1398 Perusii,
1775 1358 1812 1390 in
1836 1369 1906 1402 quo
1929 1358 2093 1391 conflictu

245 1412 359 1444 dictus
381 1410 525 1443 Bracius
548 1410 616 1443 fuit
639 1416 808 1448 mortuus3
834 1420 897 1452 pro
922 1420 990 1453 quo
1016 1410 1130 1443 dictus
1155 1411 1314 1444 dominus
1347 1411 1559 1456 gubernator
1581 1412 1667 1444 fecit
1691 1412 1765 1444 fieri
1800 1422 1942 1456 magnos
1964 1412 2036 1445 falb
2058 1417 2093 1445 et

244 1464 342 1508 ignes
364 1463 402 1496 in
424 1463 589 1508 gaudium
612 1463 733 1496 mortis
756 1463 845 1495 dicti
867 1463 997 1502 Bracii‚
1021 1463 1082 1507 qui
1105 1470 1179 1496 erat
1195 1475 1264 1497 una
1281 1475 1359 1497 cum
1376 1464 1589 1498 Florentinis
1607 1471 1728 1498 contra
1745 1465 1921 1499 dominum
1938 1471 2091 1499 nostrum

243 1528 368 1559 papam
391 1523 426 1549 et
448 1522 601 1549 sanctam
625 1526 801 1549 romanam
824 1516 1027 1549 Ecclesiam.

330 1570 462 1603 Eodem
493 1580 585 1602 anno
620 1570 714 1609 1424,
739 1570 782 1602 de
805 1579 921 1602 mense
943 1570 1081 1612 aprelis.
1107 1589 1148 1593 —
1172 1571 1272 1604 Obiit
1304 1572 1464 1605 dominus
1486 1572 1723 1605 Bernardinus
1754 1573 1798 1605 de
1823 1572 2091 1612 Zambeccariis‚
2115 1572 2156 1605 25

243 1623 420 1666 utriusque
442 1623 528 1656 iuris
551 1623 673 1656 doctor
694 1622 952 1662 famosissimus,
977 1623 1064 1656 civis
1086 1624 1275 1657 Bononiae.

334 1677 428 1709 1424.
454 1675 774 1709 M.CCCCXXIIII.
798 1675 930 1708 Eodem
954 1686 1056 1715 ann0,
1082 1677 1125 1709 de
1148 1687 1263 1710 mense
1284 1678 1374 1722 julii.
1399 1697 1440 1702 —-
1465 1679 1594 1711 Gentes
1617 1679 1750 1712 domini
1782 1679 1882 1712 ducis
1896 1679 2092 1712 Mediolani

243 1729 471 1773 confligerunt
484 1734 604 1773 gentes
618 1728 906 1768 Florentinorum‚
920 1739 1064 1772 quorum
1081 1731 1151 1762 dux
1165 1736 1239 1763 erat
1255 1732 1406 1764 Karolus
1423 1732 1467 1764 de
1477 1732 1680 1772 Malatestis,
1695 1732 1854 1765 dominus
1866 1731 2036 1770 Arimini;
2053 1732 2091 1764 in

243 1792 311 1825 quo
327 1782 508 1814 conflictus
523 1781 637 1814 dictus
661 1780 830 1813 Charolus
845 1782 914 1814 fuit
937 1788 1058 1824 captus
1080 1788 1115 1815 et
1138 1784 1336 1822 conflictus3
1353 1791 1388 1817 et
1403 1790 1533 1827 postea,
1551 1786 1594 1817 de
1609 1795 1725 1817 mense
1738 1785 1817 1829 julii
1842 1785 1879 1817 in
1905 1785 1962 1818 die
1978 1785 2090 1817 sancti

241 1835 428 1873 Dominici,
445 1835 512 1867 fuit
529 1835 653 1867 ductus
676 1839 850 1878 tamquam
866 1835 1026 1877 captivus
1041 1836 1087 1868 ad
1112 1836 1288 1869 dominum
1314 1838 1437 1870 ducem
1461 1838 1767 1878 Mediolanensem,
1792 1848 1860 1871 una
1884 1849 1962 1871 cum
1986 1838 2090 1871 certis
2113 1839 2156 1870 30

241 1888 319 1920 aliis
342 1888 516 1920 nobilibus
531 1887 749 1930 caporalibus
773 1888 817 1921 de
840 1887 976 1932 brigata
999 1888 1087 1921 dicti
1105 1889 1246 1922 Charoli
1271 1890 1315 1923 de
1337 1891 1540 1924 Malatestis.

329 1941 461 1974 Eodem
478 1950 580 1980 anno,
597 1940 656 1973 die
672 1950 806 1982 xxva
820 1940 910 1984 julii.
929 1960 970 1964 —
986 1941 1147 1974 Perusini
1172 1943 1342 1976 dederunt
1358 1954 1394 1976 se
1410 1944 1551 1977 domino
1567 1950 1684 1977 nostro
1707 1955 1818 1987 papae
1840 1944 1995 1977 Martino
2011 1954 2089 1977 cum

240 2000 343 2037 pacto
367 1994 461 2037 quod
483 2003 601 2026 omnes
623 1993 782 2026 Perusini
805 1994 942 2036 expulsi
965 1999 999 2026 et
1023 1995 1189 2028 confinati
1214 1996 1379 2028 deberent
1411 2007 1598 2037 remanere,
1631 1998 1721 2030 sicut
1745 2004 1833 2037 sunt,
1858 2004 1893 2030 et
1916 2006 1986 2030 non
2010 2007 2090 2040 pos-

240 2047 309 2079 sint
331 2046 457 2080 reverti
480 2046 677 2085 Perusium3
694 2052 729 2079 et
745 2047 905 2080 dominus
927 2058 1019 2090 papa
1043 2048 1142 2080 dedit
1165 2049 1236 2081 filio
1260 2049 1343 2082 olim
1366 2050 1496 2089 Bracii,
1515 2051 1648 2083 domini
1664 2051 1808 2090 Perusii,
1826 2051 2031 2084 Montonum
2053 2056 2089 2083 et

241 2105 335 2133 certa
356 2100 426 2132 alia
449 2099 618 2133 fortilicia
640 2110 704 2142 per
726 2100 960 2133 concordiam.
2111 2102 2152 2136 35

329 2153 462 2186 Eodem
484 2162 576 2185 anno
591 2152 904 2193 MCCCCXXHII,
922 2154 966 2186 de
981 2163 1097 2186 mense
1119 2155 1267 2199 augusti.
1285 2175 1327 2179 —
1344 2156 1443 2189 Obiit
1458 2162 1493 2189 et
1510 2158 1657 2190 decessit
1681 2158 1842 2190 dominus
1863 2157 2021 2200 Baptista
2043 2158 2088 2190 de

238 2206 458 2250 Bentevoglis
480 2206 587 2244 miles,
610 2206 700 2238 filius
722 2206 805 2239 olim
827 2205 967 2240 Andalo
991 2207 1035 2240 de
1057 2207 1289 2253 Bentevoglis‚
1305 2215 1340 2242 et
1362 2210 1451 2243 obiit
1474 2211 1518 2244 de
1541 2217 1646 2252 peste.

328 2258 616 2292 M.CCCCXXV.
641 2258 773 2292 Eodem
789 2269 892 2299 anno,
909 2259 1189 2295 MCCCCXXV.
1206 2262 1302 2295 circa
1318 2263 1419 2295 finem
1436 2264 1563 2296 mensis
1576 2264 1739 2307 januarii.
1753 2282 1794 2287 -—
1809 2264 1937 2297 Gentes
1954 2263 2087 2297 domini

240 2312 339 2346 ducis
361 2312 555 2345 Mediolani
577 2312 808 2356 confligerunt
830 2318 949 2357 gentes
972 2314 1251 2347 Florentinorum
1268 2315 1304 2347 in
1320 2317 1575 2355 Romandiola;
1592 2323 1627 2350 et
1643 2317 1764 2350 rustici
1789 2318 1833 2351 de
1855 2317 1995 2351 Maradi
2012 2318 2087 2350 fue-

240 2371 320 2398 runt
334 2376 459 2410 magna
482 2375 585 2398 causa
609 2365 697 2398 dicti
720 2365 918 2404 conflictus;
942 2367 980 2398 in
1004 2377 1072 2409 quo
1096 2368 1261 2400 conflictu
1284 2369 1374 2402 filius
1390 2369 1473 2401 olim
1489 2370 1607 2402 Bracii
1625 2371 1668 2403 de
1684 2371 1837 2410 Perusio,
1854 2370 1937 2403 olim
1953 2370 2086 2403 domini
2110 2371 2152 2402 40

238 2418 384 2458 Perusii,
408 2418 477 2451 fuit
498 2423 652 2451 mortuus
674 2424 709 2451 et
724 2419 793 2451 fuit
809 2425 930 2462 captus
945 2429 1060 2453 comes
1076 2421 1120 2453 de
1136 2421 1314 2465 Taiacoco
1329 2428 1365 2454 et
1388 2423 1555 2456 Nicolaus
1572 2424 1615 2456 de
1631 2424 1820 2456 Tolentino
1836 2430 1871 2456 et
1886 2423 2087 2466 capitaneus

237 2472 392 2516 gentium
415 2471 692 2504 Florentinorum
716 2477 751 2505 et
773 2473 915 2505 fuerunt
937 2483 1055 2506 omnes
1078 2474 1232 2507 totaliter
1255 2475 1421 2508 destructi
1445 2481 1480 2508 et
1502 2477 1598 2519 capti
1619 2477 1659 2511 in
1683 2486 1808 2521 magna
1831 2477 2034 2520 quantitate.

326 2525 458 2557 Eodem
481 2533 572 2557 anno
595 2531 631 2557 et
653 2534 779 2557 mense.
805 2544 846 2548 —-
870 2526 1020 2559 Karolus
1044 2527 1089 2559 de
1111 2527 1305 2560 Malatestis
1342 2529 1503 2562 dominus
1536 2529 1701 2569 Arimini,
1725 2530 1785 2573 qui
1809 2535 1883 2562 erat
1906 2535 2028 2572 captus
2050 2535 2085 2562 et

240 2579 363 2611 ductus
385 2577 422 2610 in
445 2577 603 2610 manibus
626 2578 759 2618 domini
784 2578 884 2611 ducis
905 2579 1111 2619 Mediolani,
1146 2580 1267 2613 habuit
1301 2582 1449 2625 gratiam
1473 2593 1494 2614 a
1519 2583 1615 2615 dicto
1640 2583 1729 2616 duce
1752 2588 1786 2615 et
1809 2583 1878 2615 fuit
1899 2582 2008 2615 libere
2031 2592 2085 2614 re-

240 2632 381 2663 lassatus
403 2636 438 2663 et
461 2630 637 2663 restitutus
659 2631 696 2663 in
719 2630 904 2673 pristinum
928 2637 1052 2665 statum
1076 2639 1111 2666 et
1133 2634 1293 2666 remissus
1317 2635 1426 2667 libere
1449 2636 1495 2669 ad
1519 2635 1697 2668 civitatem
1731 2634 1894 2668 Arimini.
1941 2635 1986 2668 Et
2015 2635 2084 2668 fuit
2107 2633 2148 2668 45

241 2689 397 2726 reputata
419 2683 464 2717 ab
487 2683 645 2717 omnibus
668 2684 819 2717 maxima
841 2685 1032 2718 liberalitas
1054 2691 1089 2719 et
1110 2687 1235 2731 gratia,
1261 2699 1363 2731 quam
1381 2689 1496 2722 dictus
1513 2689 1673 2722 dominus
1689 2689 1761 2724 dux
1777 2689 1863 2722 fecit
1880 2689 1975 2722 dicto
1991 2689 2084 2722 Cha-

240 2738 326 2776 rolo,
350 2737 432 2780 quia
454 2737 567 2770 nullus
588 2742 724 2780 poterat
747 2739 890 2771 credere
913 2740 1007 2782 quod
1029 2739 1104 2782 ipse
1127 2740 1272 2774 Carolus
1295 2742 1494 2784 perveniret
1518 2743 1564 2775 ad
1588 2743 1691 2775 talem
1714 2743 1826 2776 finem.

329 2861 409 2888 13-14
427 2855 474 2882 ad.
532 2855 681 2890 carcerari]
695 2865 764 2890 agg.
775 2857 824 2889 pit?
835 2858 912 2883 tardi
928 2871 961 2876 —
977 2858 1058 2891 18—19
1071 2861 1099 2884 et
1111 2860 1205 2886 ivit...
1214 2878 1220 2885 .
1239 2858 1370 2896 Romam]
1386 2861 1511 2894 agg.p1'?a
1529 2862 1606 2886 tardi
1618 2876 1650 2880 —-
1663 2860 1745 2893 25-26
1757 2862 1868 2887 Notizia
1885 2862 2019 2894 aggi-tnta
2031 2859 2082 2893 pi&

235 2898 317 2924 tardi.
355 2898 538 2932 Nelea-top.
557 2899 573 2923 ἑ
585 2902 663 2931 posta
674 2900 757 2933 fuori
767 2900 857 2933 luogo,
871 2909 914 2926 ma
927 2899 966 2926 ἃᾶ
978 2901 1002 2926 il
1010 2902 1137 2927 richiama
1145 2905 1199 2934 per
1210 2903 1324 2928 I'ordine
1342 2905 1505 2936 cronologico
1525 2918 1557 2922 —
1577 2910 1610 2936 ²9
1627 2903 1700 2936 julii]
1718 2907 1834 2930 corretto
1846 2913 1875 2929 su
1888 2904 1999 2937 augusti
