2196 3424
69 814 143 835 2811

43 1348 91 1367 un..
108 1342 144 1361 108

224 194 246 235 6
753 190 1031 228 MATTHAEI
1058 189 1128 224 DE
1157 182 1504 223 GRIFFONIBUS
1769 185 1855 223 ’[ΑΑ.
1876 188 2057 224 1179-1198]

309 328 358 360 M.
361 325 602 361 CLXXVIIII.
627 342 667 346 -—
692 322 849 354 Castrum
865 319 995 352 Montis
1011 318 1112 350 Bellii
1136 317 1201 349 fuit
1217 327 1329 348 arsum
1346 326 1410 357 per
1426 324 1571 347 comune
1594 314 1782 347 Bononiae.

307 381 439 414 Eodem
462 388 627 411 1111110-
650 375 885 408 Bononienses
913 376 1125 414 acceperunt
1148 370 1290 402 Imolam
1322 375 1356 401 et
1385 368 1630 410 splanaverunt
1662 378 1777 400 muros
1805 374 1840 401 et
1874 368 1994 402 foveas
2021 376 2056 402 et

219 435 389 468 dederunt
411 437 566 475 guastum
589 435 623 461 et
646 429 806 460 fecerunt
829 426 958 468 portari
982 424 1097 457 omnia
1119 423 1223 456 blada
1245 421 1446 454 Bononiam.

305 482 598 518 M.CLXXXIIII.
623 500 663 504 —
687 480 854 512 Dominus
877 478 1035 511 Otolinus
1059 477 1102 508 de
1125 475 1305 507 Mandello
1321 475 1364 506 de
1381 474 1582 506 Mediolano
1606 473 1673 507 fuit
1696 480 1847 516 potestas
1869 472 2055 508 Bononiae.

306 539 438 572 Eodem
461 546 560 569 anno.
592 553 633 557 —-
656 534 752 576 Papa
781 532 910 565 Lucius
940 531 996 563 die
1027 539 1096 571 an
1125 529 1212 573 jullii
1242 528 1383 560 intravit
1412 527 1603 560 Bononiam
1627 533 1662 560 et
1693 529 1911 562 consecravit
1942 529 2057 562 eccle-
2103 528 2121 560 5

219 594 301 626 siam
323 591 432 624 sancti
455 589 550 621 Petri
572 587 723 630 Majoris.

303 641 565 677 M.CLXXXV.
589 659 630 663 -
654 640 845 681 Imperator
867 637 1058 670 Federicus
1075 642 1109 668 et
1124 635 1322 673 Pocaterra‚
1347 633 1419 677 ejus
1441 634 1541 672 filius,
1565 634 1782 667 intraverunt
1798 635 2005 673 Bononiam3
2024 641 2059 668 et

218 704 300 731 tunc
316 701 413 729 erant
429 694 585 727 consules
601 692 749 725 civitatis
764 691 939 723 Bononiae
963 689 1172 727 Buvalellus,
1196 688 1373 720 Rodulfus
1397 688 1440 720 de
1473 687 1626 720 Guarino
1650 694 1684 720 et
1708 687 1883 730 Spinellus
1906 689 1950 721 de
1974 689 2059 722 Car-

217 749 439 786 bonensibus3
464 754 498 780 et
521 747 587 779 11111
611 746 666 778 die
690 755 719 786 1J
742 744 919 777 februarii.

303 800 582 835 M.CLXXXVI.
605 817 645 822 —
670 799 860 840 Imperator
882 796 1073 829 Federicus
1099 800 1252 828 mortuus
1276 800 1326 827 est
1350 800 1385 827 et
1408 794 1558 827 decessit
1580 794 1616 826 in
1638 793 1836 834 Antiochia,
1860 795 1942 828 dum
1965 801 2058 828 tran-
2085 796 2124 828 10

218 857 299 889 siret
321 866 424 887 unum
447 854 584 891 flumen,
607 852 644 884 in
668 861 734 894 quo
757 851 830 893 ipse
854 850 1003 882 necavit.

304 906 602 940 M.CLXXXVII.
625 923 667 927 —
689 903 786 946 Papa
809 903 996 946 Gregorius
1021 902 1240 935 consecravit
1263 901 1449 934 ecclesiam
1488 907 1628 934 sanctae
1651 901 1784 934 Mariae
1808 901 1951 945 Maioris
1974 902 2058 935 civi-

217 962 295 994 tatis
316 960 501 997 Bononiae,
525 969 591 1001 qua
615 958 671 990 die
696 957 809 989 dictus
831 966 922 997 papa
944 955 1085 988 intravit
1108 956 1144 986 in
1167 955 1370 993 Bononiam,
1394 954 1561 987 videlicet
1583 964 1678 996 xan
1698 955 1784 998 julii.

304 1013 436 1045 Eodem
459 1021 558 1044 anno.
583 1029 623 1033 -—
648 1010 777 1043 Civitas
800 1008 1013 1040 Hierusalem
1038 1013 1072 1040 et
1095 1008 1223 1040 multae
1247 1007 1335 1039 aliae
1360 1007 1518 1040 civitates
1542 1013 1665 1050 captae
1697 1008 1839 1041 fuerunt
1861 1019 1882 1040 a
1905 1008 2059 1041 Soldano

216 1066 413 1099 Babiloniae
437 1071 472 1097 et
494 1064 587 1106 capti
611 1069 645 1095 et
667 1062 791 1094 mortui
814 1062 954 1093 1110111111
977 1061 1074 1093 multi
1097 1060 1276 1092 christiani
1298 1061 1335 1092 in
1357 1061 1501 1103 proelio.
2087 1061 2124 1094 15

304 1119 438 1151 Eodem
465 1116 564 1150 anno.
582 1135 623 1139 —
640 1116 822 1153 Henricus‚
845 1115 933 1146 filius
956 1114 1119 1146 Federici
1142 1114 1360 1156 imperatoris
1382 1114 1565 1156 praedicti,
1589 1115 1755 1148 successit
1777 1115 1868 1157 patri
1891 1116 1927 1147 in
1949 1115 2060 1158 impe-

216 1173 267 1204 rio
290 1178 325 1204 et
346 1171 464 1204 habuit
490 1170 614 1203 bonam
637 1179 761 1211 pacem
785 1179 863 1200 cum
885 1167 1102 1199 Lombardis.

304 1222 618 1257 M.CLXXXVIII.
643 1240 684 1244 —
706 1222 784 1253 Duo
815 1221 921 1252 millia
950 1220 1186 1253 Bononienses
1217 1226 1252 1253 et
1274 1220 1364 1253 ultra
1394 1221 1532 1254 iverunt
1554 1221 1645 1254 ultra
1670 1232 1764 1255 mare
1787 1233 1852 1265 pro
1874 1233 2060 1265 recupera-

216 1278 308 1311 tione
331 1277 462 1309 Terrae
486 1275 634 1308 Sanctae
665 1274 861 1307 Ecclesiae:
890 1279 924 1306 et
947 1273 1044 1305 multi
1077 1284 1119 1305 ex
1143 1274 1192 1306 eis
1224 1284 1409 1316 numquam
1433 1275 1565 1306 reversi
1588 1275 1730 1308 fuerunt
1760 1281 1795 1308 et
1817 1275 1978 1308 obierunt
1999 1275 2059 1308 ibi.

220 1332 314 1364 Inter
335 1341 420 1374 quos
442 1330 582 1362 fuerunt
603 1328 816 1370 infrascripti
839 1327 1008 1359 notabiles
1039 1327 1143 1365 cives,
1175 1327 1357 1360 videlicet:
1388 1328 1547 1360 dominus
1569 1328 1678 1360 Ursus
1710 1329 1753 1361 de
1778 1329 2059 1372 Chacanimicis‚'
2083 1330 2126 1361 20

218 1385 375 1417 dominus
396 1384 520 1416 Facius
543 1383 586 1415 de
611 1381 773 1420 Galuciis,
798 1381 954 1413 dominus
978 1380 1118 1422 Scappa
1141 1381 1185 1413 de
1210 1381 1421 1420 Garisendis,
1439 1382 1599 1414 dominus
1623 1382 1739 1415 Guido
1764 1383 1807 1415 de
1832 1383 2059 1422 Griffonibus,

218 1438 374 1470 dominus
395 1436 518 1469 Petrus
541 1436 583 1468 de
607 1434 779 1472 Asinellis‚
803 1434 961 1466 dominus
984 1433 1196 1466 Gualtirotus
1229 1434 1273 1466 de
1305 1433 1542 1480 Macagnanis,
1575 1435 1734 1467 dominus
1763 1435 1867 1468 Parte
1899 1436 1943 1468 de
1959 1435 2061 1468 Prin-

219 1490 418 1533 dipartibus,
450 1490 607 1522 dominus
637 1488 856 1520 Zandonatus
887 1488 930 1520 de
961 1486 1169 1526 Malavoltis,
1202 1487 1359 1520 dominus
1385 1488 1601 1532 Pertegonus
1633 1489 1677 1521 de
1709 1489 1871 1528 Castello,
1903 1489 2062 1523 dominus

219 1543 416 1575 Bacelerius
446 1543 489 1574 de
520 1541 729 1578 Bacelleriis‚
754 1540 911 1572 dominus
933 1540 1095 1573 Torellus
1125 1541 1169 1572 de
1193 1540 1352 1580 Torellis,
1385 1541 1544 1575 dominus
1576 1542 1765 1575 Ubertinus
1788 1542 1832 1574 de
1857 1542 2060 1581 Ghisileriis,

217 1594 431 1628 Branchaleo
455 1595 499 1626 de
522 1592 808 1631 Carbonensibus‚
831 1591 1016 1625 Artinisius
1040 1593 1083 1625 de
1107 1591 1292 1632 Artinisiis,
1316 1593 1433 1627 Minus
1467 1595 1510 1627 de
1545 1595 1710 1634 Galuciis,
1743 1594 1867 1627 Petrus
1890 1595 1934 1627 de
1957 1595 2061 1638 Liga-
2084 1594 2126 1626 25

216 1648 372 1690 passaris,
402 1646 566 1680 Albertus
589 1647 633 1679 de
663 1645 878 1685 Blanchittis,
904 1645 1080 1688 Johannes
1112 1646 1156 1678 de
1189 1646 1427 1690 Symopicoli8‚
1460 1648 1640 1680 Bastianus
1673 1648 1716 1680 de
1742 1648 1892 1691 Raysiis,
1916 1648 2061 1680 Guiliel-

218 1711 292 1732 mus
315 1700 359 1732 de
381 1699 593 1743 Magarottis,
616 1698 724 1731 Testa
747 1698 790 1730 de
816 1697 1011 1736 Gozadinis,
1035 1698 1204 1731 Nicolaus
1235 1699 1279 1731 de
1310 1699 1492 1738 Rodaldis,
1517 1700 1696 1736 Dionixius
1720 1700 1764 1732 de
1787 1699 2060 1738 Maranensibus,

217 1752 381 1786 Albertus
403 1753 447 1785 de
469 1752 724 1790 Tencharariis,
747 1751 947 1784 Ludovicus
978 1752 1022 1784 de
1054 1751 1194 1784 Nasinis
1219 1758 1253 1785 et
1279 1753 1377 1785 multi
1400 1753 1468 1792 alii,
1493 1754 1537 1786 de
1561 1754 1685 1796 quibus
1707 1754 1774 1786 fuit
1797 1764 1942 1797 magnus
1963 1754 2062 1796 plan-

220 1812 296 1839 ctus
317 1807 353 1838 in
375 1806 540 1839 Bononia.

305 1858 602 1892 M.CLXXXXII.
627 1876 668 1881 —-
690 1858 857 1891 Dominus
879 1859 1055 1892 Gerardus
1079 1859 1220 1892 Ghislae
1246 1860 1289 1892 de
1315 1859 1552 1900 Scanabicffis,
1577 1861 1762 1903 episcopus
1784 1861 1972 1898 Bononiae,
1996 1860 2063 1893 fuit
2085 1861 2128 1892 30

219 1912 350 1945 01001118
371 1918 522 1954 potestas
543 1911 718 1944 Bononiae
742 1922 806 1953 pro
829 1912 962 1945 duobus
984 1913 1092 1945 annis.
1132 1913 1178 1945 Et
1200 1914 1311 1955 primo
1335 1924 1425 1946 anno
1448 1914 1550 1946 valde
1568 1914 1657 1947 bene
1675 1925 1710 1946 se
1734 1914 1855 1947 habuit
1876 1913 1914 1945 in
1937 1913 2060 1952 officio,

221 1965 283 1997 sed
305 1965 456 1997 secundo
479 1975 569 1997 anno
593 1965 659 1997 fuit
681 1965 842 2007 expulsus
865 1965 908 1998 de
932 1966 1111 2009 regimine,
1135 1966 1216 2009 quia
1237 1967 1327 1999 male
1351 1978 1386 1999 se
1410 1967 1541 1999 habuit.
1587 1950 1590 1971 ἱ

304 2017 620 2051 M.CLXXXXIII.
644 2036 685 2041 —
709 2018 839 2051 Contra
860 2018 1073 2052 voluntatem
1098 2019 1363 2062 dicti‚episcopi
1386 2020 1528 2053 fuerunt
1552 2021 1656 2053 electi
1672 2020 1885 2062 infrascripti
1902 2020 2060 2053 consules

218 2070 403 2109 Bononiae,
427 2071 608 2103 videlicet:
633 2071 790 2103 dominus
805 2071 959 2104 Thomas
983 2072 1027 2104 de
1051 2072 1209 2110 Tuschis‚
1235 2073 1393 2105 dominus
1407 2071 1573 2106 Albertus
1596 2073 1640 2105 de
1663 2073 1865 2117 Rustiganis
1872 2084 1881 2110 3
1907 2073 2064 2105 dominus

218 2123 367 2156 Oselitus
390 2123 710 2168 Scogocaprevede,
734 2124 892 2157 dominus
915 2124 1119 2158 Guilielmus
1136 2126 1180 2158 de
1203 2125 1410 2165 Malavoltis,
1428 2127 1588 2159 dominus
1603 2125 1728 2159 Petrus
1746 2127 1790 2159 de
1813 2125 2011 2170 Milancolis
2027 2131 2062 2158 et
2085 2123 2126 2157 35

219 2176 357 2218 quidam
380 2176 438 2208 alii
461 2177 564 2209 cives.

308 2229 441 2262 Eodem
464 2240 564 2263 anno.
589 2249 630 2254 -—
653 2230 741 2263 Fuit'
762 2242 923 2275 magnum
952 2232 1121 2274 proelium
1152 2233 1244 2266 inter
1278 2234 1438 2266 consules
1461 2239 1495 2266 et
1526 2234 1700 2266 dominum
1727 2233 1895 2277 Jacobum
1926 2232 2062 2266 Alberti

218 2281 389 2327 Agnesiae
413 2290 447 2316 et
470 2284 582 2316 dictus
603 2284 761 2318 dominus
783 2285 933 2328 Jacobus
955 2286 1022 2319 fuit
1045 2287 1205 2329 expulsus
1229 2288 1272 2320 de
1296 2287 1453 2320 Bononia
1483 2293 1517 2320 et
1547 2288 1650 2320 turris
1673 2298 1734 2320 sua
1756 2287 1822 2320 fuit
1845 2287 2032 2320 destructa.

306 2335 622 2369 M.CLXXXX111.
646 2355 687 2360 —
710 2338 790 2370 Fuit
811 2348 973 2382 magnum
996 2340 1167 2381 proelium
1190 2340 1226 2372 in
1250 2340 1407 2372 Bononia
1423 2341 1480 2373 die
1497 2341 1608 2382 primo
1623 2340 1709 2383 julii,
1726 2340 1762 2372 in
1780 2350 1846 2383 quo
1863 2339 1995 2382 proelio
2010 2339 2062 2371 in-

168 2385 176 2391 '
221 2388 291 2421 cisa
312 2388 378 2421 fuit
400 2400 520 2422 manus
541 2389 646 2422 Petro
670 2390 713 2423 de
738 2390 940 2424 Scanabicis
962 2392 998 2424 in
1022 2393 1119 2425 curia
1141 2394 1252 2426 sancti
1267 2393 1448 2426 Ambroxii
1465 2399 1500 2426 et
1515 2394 1613 2427 multi
1629 2394 1772 2426 fuerunt
1795 2393 1920 2426 mortui
1944 2398 1979 2426 et
2003 2393 2064 2425 de·
2086 2394 2129 2425 40

221 2440 332 2474 tobati
355 2447 389 2474 et
411 2443 592 2476 vulnerati.

307 2494 639 2529 M.CLXXXXVII.
657 2515 698 2519 --
714 2497 882 2531 Dominus
904 2498 1086 2532 Mathaeus
1102 2499 1153 2543 {de
1180 2500 1321 2545 Corigio
1345 2501 1412 2534 fuit
1434 2506 1586 2543 potestas
1602 2501 1779 2533 Bononiae
1797 2506 1832 2533 et
1855 2506 1938 2533 tunc
1961 2499 2062 2532 rede-

220 2545 319 2579 batur
338 2546 391 2590 jus
412 2548 449 2579 in
472 2548 574 2581 domo
597 2549 832 2593 Bulgarorum.

306 2600 438 2632 Eodem
461 2611 562 2634 anno.
586 2620 627 2625 -
651 2602 817 2636 Homines
840 2605 884 2637 de
908 2605 1060 2639 Cometa
1080 2606 1280 2649 juraverunt
1303 2607 1446 2640 obedire
1471 2608 1642 2640 mandatis
1666 2607 1822 2640 comunis
1837 2606 2025 2639 Bononiae.

306 2652 657 2688 M.CLXXXXVIII.
681 2674 723 2678 —
747 2656 843 2690 Obiit
865 2657 1052 2700 imperator
1075 2660 1276 2693 Federicus.
2085 2657 2127 2691 45

308 2704 441 2737 Eodem
464 2716 564 2739 anno.
581 2725 623 2730 -
639 2708 875 2743 Bononienses
900 2717 1069 2754 ceperunt
1091 2723 1155 2754 per
1178 2713 1247 2745 vim
1273 2719 1421 2746 castrum
1447 2713 1635 2747 Corvariae
1660 2719 1695 2747 et
1719 2720 1868 2747 castrum
1893 2712 2062 2746 Sasadeui

223 2756 400 2791 comitatus
420 2759 602 2793 imolensis.

305 2939 350 2967 2-3
368 2935 400 2960 In
417 2938 550 2969 margine.-
568 2937 656 2964 Imola
673 2940 799 2972 aplanata
817 2955 849 2960 -
869 2947 902 2974 35
922 2942 1052 2968 dominus
1077 2944 1176 2969 Petrus
1202 2944 1236 2969 de
1260 2944 1427 2980 Milancolis]
1453 2945 1566 2976 rtpetuto
1584 2944 1633 2969 due
1651 2945 1723 2969 volte
1740 2941 1952 2977 nell’autograso
