2242 3418
134 163 219 200 [ΔΑ.
239 155 421 197 13864387]
724 154 1047 191 MEMORIALE
1075 154 1400 190 HISTORICUM
1935 156 1980 192 81

133 296 223 331 runt,
247 291 306 335 qui
329 290 495 323 timebant
519 290 680 323 furorem.
725 289 791 321 Die
814 298 896 321 vero
920 297 984 329 XXJ
1006 287 1094 320 dicti
1117 287 1253 326 mensis,
1278 287 1375 329 prior
1405 287 1551 320 fratrum
1575 288 1618 320 de
1640 287 1785 332 Angelis
1807 297 1986 321 comoran—

131 345 217 378 tium
240 349 337 376 extra
359 348 494 386 portam
518 343 628 375 sancti
654 342 827 375 Mammae
850 341 946 374 dicta
970 341 1013 373 de
1036 351 1140 373 causa
1162 340 1293 382 positus
1316 340 1382 372 fuit
1406 340 1442 372 in
1466 340 1579 384 gayba
1603 351 1706 383 super
1726 341 1851 383 platea,
1874 346 1910 373 et
1933 341 1984 374 ibi

131 397 226 430 stetit
248 396 438 440 nonaginta
460 406 519 428 sex
542 396 663 429 diebus
684 400 720 428 et
742 395 891 427 finaliter
913 394 988 436 ipse
1011 393 1049 425 in
1071 392 1176 437 gaiba
1200 391 1346 425 decessit
1369 398 1403 424 et
1427 402 1496 425 non
1523 393 1673 426 habebat
1703 393 1771 426 nisi
1802 394 1927 436 pellem
1950 399 1986 427 et

130 461 215 483 ossa.
261 449 394 481 Tamen
418 449 491 491 ipse
515 459 700 492 numquam
732 447 800 480 fuit
831 446 1013 489 culpabilis
1036 445 1074 477 in
1097 445 1230 488 aliquo;
1264 445 1324 477 sed
1356 445 1488 477 factum
1519 446 1586 478 fuit
1617 456 1680 488 per
1702 447 1790 486 illos,
1818 447 1877 490 qui
1900 452 1983 479 tunc

86 502 105 536 5
130 501 305 547 regebant,
330 502 410 545 quia
433 502 596 534 volebant
618 500 812 543 opprimere
835 499 966 532 amicos
989 498 1033 531 de
1056 498 1205 540 Pepolis.
1252 498 1298 530 Et
1326 503 1409 530 tunc
1433 497 1597 531 Albertus
1620 499 1664 531 de
1692 499 1876 538 Guidottis‚
1900 500 1984 532 Zor-

129 556 230 588 dinus
252 555 295 587 de
319 553 492 593 Blanchis,
515 554 692 586 Marsilius
715 553 758 585 de
781 551 949 585 Liazariis
972 557 1006 583 et
1030 550 1129 583 multi
1152 550 1212 582 alii
1237 549 1370 583 banniti
1394 551 1545 590 fuerunt,
1569 551 1660 584 inter
1682 563 1769 595 quos
1791 553 1893 585 etiam
1916 553 1984 586 fuit

129 608 316 641 Federicus
339 608 383 640 de
405 607 673 640 Pavanensibus.

215 661 346 694 Eodem
370 670 471 699 anno,
496 661 540 693 de
570 669 686 691 mense
708 658 854 702 augusti,
887 657 943 690 die
967 666 1080 698 xxv1J.
1119 675 1160 679 —-
1194 656 1364 688 Dominus
1388 655 1564 690 Bemabos
1593 658 1700 697 miles,
1730 658 1818 691 filius
1849 659 1982 692 domini

126 714 288 747 Andreae
304 714 348 746 de
370 713 517 756 Pepolis,
534 713 601 745 fuit
617 712 833 754 decapitatus
854 711 891 742 in
914 710 1042 753 platea,
1066 719 1107 742 eo
1131 709 1212 752 quia
1235 714 1411 753 tamquam
1433 710 1569 754 juvenis
1591 711 1685 744 venit
1701 711 1908 754 simpliciter
1923 723 1981 745 ca-

65 768 103 800 10
127 768 290 800 muffatus
313 767 359 799 ad
381 764 556 799 civitatem
579 763 774 803 Bononiae,'
797 774 866 796 una
889 773 968 795 cum
1000 761 1171 794 Federico
1195 762 1239 794 de
1261 762 1520 796 Pavanensibus
1550 763 1694 796 bannito
1725 765 1881 797 comunis
1911 764 1978 798 Bo-

126 820 260 853 noniae.
307 820 352 852 Et
368 819 469 852 ambo
486 818 580 861 capti
604 818 745 850 fuerunt
767 822 864 849 extra
879 821 1014 859 portam
1038 815 1150 848 sancti
1166 815 1349 848 Mammae.
1397 816 1442 848 Et
1458 821 1540 848 tunc
1564 817 1760 859 oppositum
1783 817 1853 850 fuit
1867 818 1980 850 eidem

126 873 321 906 Bernabovi
357 873 451 916 quod
474 871 634 904 veniebat
657 880 761 903 causa
783 869 1024 902 committendi
1057 874 1179 901 contra
1203 873 1328 901 statum
1359 874 1394 901 et
1424 869 1492 902 fuit
1516 869 1564 911 [in
1588 870 1716 912 platea]
1744 870 1977 913 decapitatus:

125 927 169 960 de
192 937 260 970 quo
275 926 377 964 valde
394 925 505 958 doluit
520 923 679 957 omnibus
694 933 763 955 non
778 921 1033 960 Maltraversis;
1051 927 1085 955 et
1102 921 1217 954 dictus
1239 920 1429 954 Federicus
1451 922 1520 955 fuit
1542 923 1663 955 eodem
1687 923 1745 956 die
1762 923 1979 966 decapitatus

124 979 161 1011 in
184 979 316 1022 Campo
341 979 434 1012 Fori.

61 1031 99 1066 15
212 1032 343 1066 Eodem
359 1042 450 1064 anno
466 1036 501 1064 et
524 1036 687 1074 tempore.
713 1048 755 1054 —-
779 1029 902 1063 Comes
917 1029 1049 1062 Lucius
1073 1029 1117 1061 de
1132 1028 1267 1068 Lando,
1291 1039 1360 1061 una
1383 1039 1462 1061 cum
1479 1039 1530 1061 xx
1552 1028 1641 1068 aliis,
1657 1030 1832 1073 tamquam
1855 1029 1977 1072 prodi-

123 1092 213 1119 tores
236 1085 391 1118 comunis
414 1083 592 1117 Bononiae
615 1083 755 1116 fuerunt
777 1083 866 1126 picti
890 1083 928 1114 in
951 1083 1066 1125 platea
1090 1081 1246 1114 comunis
1270 1079 1447 1114 Bononiae
1463 1082 1500 1113 in
1517 1082 1604 1114 fatie
1618 1082 1742 1124 palatii
1759 1082 1976 1116 dominorum

123 1139 340 1172 antianorum
363 1143 397 1170 et
421 1138 561 1170 fuerunt
584 1142 704 1179 postea
727 1136 764 1168 in
793 1137 875 1169 1390
901 1135 1095 1168 cancellati.

210 1191 340 1224 Eodem
364 1200 467 1229 anno,
492 1189 550 1223 die
575 1199 670 1231 xan
692 1188 895 1222 decembris.
921 1207 963 1212 —
987 1188 1099 1221 Natus
1122 1187 1191 1221 fuit
1213 1187 1399 1231 Johannes,
1423 1187 1514 1219 filius
1529 1187 1709 1232 Peregrini
1726 1188 1771 1220 de
1787 1188 1976 1221 Zambeca-

120 1245 193 1285 riis,
216 1256 259 1278 ex
283 1244 423 1277 domina
445 1243 586 1283 Ursina,
610 1253 717 1275 uxore
741 1242 828 1275 dicti
851 1241 1043 1286 Peregrini.

55 1300 98 1331 20
207 1296 570 1332 M.CCCL>Q<XV11.
588 1297 724 1330 Eodem
740 1306 844 1335 anno,
861 1295 919 1328 die
935 1295 1122 1334 dominica,
1140 1293 1249 1327 tercia
1264 1293 1444 1326 februarii.
1459 1312 1500 1317 —
1513 1293 1638 1327 Comes
1652 1293 1783 1326 Lucius
1796 1294 1839 1326 de
1851 1293 1974 1327 Lando

120 1363 199 1385 cum
221 1360 347 1396 magna
370 1350 563 1394 quantitate
585 1349 740 1394 gentium
763 1359 935 1381 armorum
959 1348 1055 1380 venit
1077 1347 1249 1380 hostiliter
1278 1357 1382 1389 super
1403 1347 1570 1379 comitatu
1592 1346 1771 1380 Bononiae
1793 1352 1828 1380 et
1850 1348 1974 1380 multas

119 1411 154 1438 et
169 1406 292 1438 multas
316 1405 435 1438 domos
458 1404 543 1436 arsit
566 1404 603 1435 in
627 1403 793 1435 comitatu
817 1401 1021 1434 bononiensi
1045 1406 1079 1433 et
1103 1399 1301 1442 specialiter
1323 1400 1360 1431 in
1383 1399 1468 1432 villa
1493 1399 1613 1433 Sancti
1635 1399 1769 1432 Marini
1784 1400 1831 1432 ad
1853 1401 1974 1433 domos

119 1457 311 1491 Fabrorum
334 1463 368 1490 et
391 1457 602 1490 Minervium
626 1461 660 1488 et
683 1456 720 1487 in
744 1455 814 1487 illis
837 1454 1108 1487 circumstantiis
1130 1459 1165 1486 et
1188 1453 1225 1485 in
1248 1453 1327 1485 aliis
1344 1453 1454 1485 ‘etiam
1481 1452 1638 1496 partibus
1661 1453 1854 1486 comitatus.
1901 1454 1973 1487 Sed

120 1511 269 1544 finaliter
292 1522 370 1543 cum
393 1510 524 1543 auxilio
546 1509 613 1542 Dei
636 1514 671 1542 et
692 1507 847 1552 gentium
870 1507 1060 1546 amicorum
1091 1505 1247 1538 comunis
1269 1505 1448 1538 Bononiae
1479 1506 1554 1548 ipse
1580 1505 1649 1538 fuit
1680 1506 1862 1539 conflictus
1893 1517 1971 1539 cum

0 1546 20 1613 Ξ
53 1562 94 1596 25
118 1564 279 1608 gentibus
312 1563 383 1596 suis
417 1563 455 1595 in
489 1562 656 1595 comitatu
689 1560 878 1594 Faventiae
911 1564 946 1592 et
981 1559 1055 1602 ipse
1089 1559 1182 1603 fugit
1217 1559 1254 1591 in
1289 1558 1539 1602 Codognolam,
1564 1569 1653 1602 quae
1675 1564 1759 1591 tunc
1790 1559 1972 1592 tenebatur

0 1631 9 1648 ι
118 1628 181 1660 per
203 1617 380 1650 dominum
410 1615 646 1649 marchionem
670 1613 867 1651 Ferrariae;
891 1618 926 1645 et
949 1612 1016 1645 hoc
1040 1612 1110 1644 fuit
1133 1612 1191 1644 die
1213 1621 1319 1654 xxvtj
1342 1611 1521 1644 februarii.
1567 1611 1613 1644 Et
1635 1617 1765 1654 postea,
1788 1612 1858 1644 alia
1881 1612 1969 1652 vice,

0 1667 10 1705 ἐ
117 1670 233 1703 dictus
255 1679 370 1703 comes
391 1668 522 1702 Lucius
551 1668 620 1700 fuit
650 1666 832 1700 conflictus
862 1671 897 1698 et
923 1665 1142 1708 victuperose
1177 1666 1317 1710 fugatus
1350 1676 1414 1708 per
1445 1670 1566 1709 gentes
1600 1665 1757 1698 comunis
1790 1665 1969 1698 Bononiae

0 1707 10 1773 ἒ
115 1724 214 1767 juxta
236 1723 441 1756 Ravennam
464 1727 499 1754 et
521 1720 658 1764 aufugit
681 1720 727 1752 ad
751 1719 916 1752 Sanctum
939 1717 1121 1751 Albertum
1144 1724 1179 1751 et
1202 1718 1284 1751 inde
1315 1718 1406 1763 fugit
1429 1717 1630 1762 Argentam‚
1666 1728 1755 1762 quae
1788 1718 1970 1751 tenebatur

0 1774 18 2270 f
117 1787 180 1819 per
208 1775 443 1808 marchionem
466 1774 657 1813 Ferrariae‚
681 1773 764 1817 quia
786 1783 824 1805 re
847 1782 930 1805 vera
953 1771 1068 1804 dictus
1089 1771 1246 1805 marchio
1269 1777 1400 1804 secrete
1422 1771 1564 1804 favebat
1587 1771 1682 1804 dicto
1705 1771 1826 1804 comiti
1855 1769 1967 1803 Lucio

0 1397 4 1407 ”
0 783 17 1384 ¹²·'WWWW1'·V‘'*⁴-'⁵W‘‚
9 752 11 755 -
15 731 17 734 ¹
14 697 17 707 ,⁷
11 667 13 669 .

51 1830 94 1862 30
117 1835 238 1863 contra
260 1828 464 1862 Bononiam.

204 1882 335 1915 Eodem
358 1891 461 1921 anno,
485 1881 529 1914 de
552 1891 667 1913 mense
688 1880 791 1924 junii.
815 1898 857 1903 —-
882 1879 1076 1912 Guiducius
1100 1878 1271 1923 Segurani
1296 1878 1340 1911 de
1363 1878 1532 1922 Moncuni
1548 1878 1617 1911 fuit
1640 1883 1762 1920 captus
1784 1883 1819 1910 et
1843 1877 1966 1910 ductus

115 1936 152 1968 in
175 1936 316 1968 fortiam
339 1934 496 1968 comunis
518 1934 707 1972 Bononiae,
731 1938 874 1975 propter
896 1932 1004 1965 multa
1034 1932 1136 1971 mala,
1168 1942 1256 1975 quae
1287 1931 1470 1964 dicebatur
1499 1930 1685 1963 comisisse.
1731 1931 1776 1963 Et
1802 1930 1869 1963 hoc
1897 1931 1965 1963 fuit

114 1980 327 2032 principium
351 1987 595 2021 destructionis
617 1992 725 2019 status
747 1985 857 2028 partis
879 1985 1133 2024 malti-aversae,
1158 1996 1247 2028 quae
1268 1985 1358 2029 juste
1381 1983 1523 2028 regebat
1545 1984 1582 2015 in
1605 1983 1774 2023 Bononia,
1791 1983 1874 2027 quia
1896 1983 1964 2025 ipsi

115 2041 278 2075 nolebant
300 2041 418 2084 aliquo
441 2040 544 2073 modo
568 2040 663 2083 quod
686 2039 886 2076 moriretur;
909 2044 944 2070 et
968 2038 1062 2071 stetit
1086 2038 1220 2070 duobus
1242 2037 1417 2070 mensibus
1440 2037 1608 2076 detentus,
1633 2037 1693 2069 sed
1716 2036 1866 2069 finaliter
1880 2036 1964 2068 arti-

47 2093 88 2126 35
114 2095 195 2127 fices
217 2095 399 2127 voluerunt
422 2093 516 2136 quod
538 2093 634 2125 fieret
654 2092 789 2136 justitia
811 2097 845 2124 et
869 2092 983 2124 dictus
1006 2091 1204 2130 Guidufius,
1230 2091 1286 2123 die
1310 2100 1444 2131 xxva
1466 2090 1613 2134 augusti,
1631 2089 1699 2122 fuit
1714 2099 1896 2131 suspensus
1926 2089 1963 2121 in

112 2148 227 2190 platea
250 2147 407 2180 comunis
428 2145 641 2183 Bononiae3'
665 2150 700 2177 et
730 2155 808 2177 cum
839 2144 935 2177 dicto
968 2144 1135 2176 Guidutio
1160 2145 1203 2176 de
1227 2143 1401 2176 Monzono
1431 2143 1500 2175 fuit
1523 2151 1705 2184 suspensus
1725 2142 1866 2186 quidam
1890 2152 1962 2174 ma-

111 2201 220 2244 gister
241 2199 450 2233 Franciscus
473 2198 516 2231 de
539 2198 706 2236 Forlivio,
731 2198 791 2241 qui
815 2196 962 2230 satiebat
985 2196 1190 2229 archimiam
1214 2202 1248 2229 et
1272 2196 1380 2228 multa
1394 2196 1495 2228 mala.
1542 2195 1587 2227 Et
1601 2194 1753 2238 Jacobus
1769 2194 1859 2227 Sixii
1876 2194 1963 2227 fecit

112 2253 186 2285 fieri
211 2253 341 2286 dictam
362 2252 532 2296 justitiam
555 2251 599 2283 de
622 2251 785 2283 mandato
809 2250 1126 2282 confaloneriorum
1141 2254 1176 2282 et
1191 2249 1432 2281 massariorum
1448 2248 1574 2281 artium
1598 2247 1752 2280 civitatis
1773 2247 1961 2280 Bononiae.

0 2337 3 2349 ;
176 2340 178 2343 ,
200 2306 332 2339 Eodem
355 2314 447 2338 anno
470 2310 504 2337 et
534 2314 660 2337 mense.
686 2321 728 2326 —
755 2302 916 2335 Massarii
951 2302 1087 2342 artium,
1122 2302 1288 2335 videlicet
1322 2302 1478 2334 massarii
1513 2301 1707 2340 inferiores,
1739 2300 1962 2333 obtinuerunt

0 2350 10 2392 }
46 2360 89 2391 40
112 2369 211 2402 posse
235 2359 351 2391 facere
374 2368 480 2390 unum
504 2357 688 2401 collegium
711 2366 775 2399 pro
798 2367 834 2389 se
857 2362 891 2388 et
916 2365 1128 2400 congregare
1151 2366 1186 2388 se
1209 2365 1273 2398 pro
1296 2355 1388 2387 bono
1424 2360 1514 2387 statu
1548 2359 1583 2387 et
1617 2353 1786 2398 regimine
1808 2353 1962 2385 civitatis

110 2412 299 2444 Bononiae.
345 2411 391 2444 Et
413 2409 672 2454 congregabant
695 2420 731 2442 se
754 2409 791 2441 in
814 2409 944 2452 palatio
967 2409 1146 2451 potestatis
1169 2408 1206 2440 in
1230 2409 1307 2440 loco
1330 2407 1390 2440 ubi
1413 2407 1546 2440 antiani
1575 2418 1611 2439 se
1638 2416 1851 2450 congregare
1873 2406 1961 2438 sole-

111 2465 206 2504 bant,
230 2465 370 2508 quando
393 2464 519 2496 civitas
540 2463 720 2495 Bononiae
743 2473 813 2496 non
836 2462 1021 2507 regebatur
1043 2463 1089 2494 ad
1111 2462 1294 2504 populum;
1319 2467 1353 2494 et
1376 2466 1459 2493 tunc
1482 2460 1633 2504 Jacobus
1652 2460 1696 2492 de
1720 2458 1960 2493 Salamonibus

111 2577 194 2610 stea,
218 2571 279 2614 qui
302 2571 372 2603 fuit
395 2570 710 2602 factuscorrector
732 2569 907 2602 societatis
923 2569 1159 2607 Notariorum,
1184 2568 1253 2600 fuit
1275 2567 1458 2600 Mathaeus
1474 2566 1634 2599 Guidutii
1660 2567 1703 2599 de
1727 2564 1957 2604 Gdffonibus,

45 2623 85 2656 45
111 2624 171 2667 qui
194 2623 350 2656 incoavit
373 2622 516 2655 offitium
539 2622 577 2653 in
599 2621 772 2654 kallendis
795 2621 1008 2664 septembris.

197 2676 329 2709 Eodem
352 2685 455 2714 anno,
480 2675 524 2707 de
546 2684 662 2707 mense
686 2674 847 2707 octobris.
872 2693 914 2697 -—
937 2675 1107 2706 Dominus
1121 2673 1320 2706 Anthonius
1344 2673 1387 2706 de
1410 2673 1444 2705 la
1468 2673 1605 2711 Schala,
1622 2672 1782 2705 dominus
1805 2671 1958 2704 civitatis

109 2730 269 2763 Veronae
292 2734 327 2761 et
349 2727 545 2766 Vicentiae,
568 2727 723 2770 perdidit
746 2733 871 2760 statum
894 2738 991 2759 suum
1015 2733 1049 2759 et
1073 2727 1232 2759 dominus
1254 2727 1430 2770 Johannes
1454 2722 1632 2759 Galeatius
1655 2725 1871 2762 Vicecomes,
1896 2724 1957 2756 do-

108 2782 223 2815 minus
245 2780 413 2814 civitatis'
436 2780 641 2820 Mediolani,
664 2779 787 2813 habuit
810 2780 1001 2812 dominium
1025 2779 1196 2812 dictarum
1221 2780 1401 2812 civitatum
1424 2789 1488 2822 per
1509 2778 1760 2821 proditionem3
1783 2782 1817 2810 et
1840 2777 1955 2809 dictus

198 2916 228 2934 η
250 2910 279 2934 in
297 2909 400 2942 platea]
420 2910 555 2942 aggiunta
574 2909 675 2934 d’altro
693 2909 834 2934 inchiastro
854 2923 887 2927 —
907 2914 939 2940 33
958 2908 1030 2941 juste
1049 2906 1173 2940 regebat]
1192 2908 1285 2932 scritto
1302 2915 1332 2931 su
1350 2906 1523 2931 raschiatura

309 3027 342 3052 Τ.
362 3025 465 3057 xvm,
485 3034 513 3059 p.
532 3032 555 3051 11
574 3039 607 3044 —
627 3024 653 3053 6.

111 2518 266 2551 notarius
288 2522 362 2550 erat
386 2522 544 2549 corector
573 2516 750 2548 societatis
775 2516 1010 2554 Notariorum,
1035 2515 1174 2558 quando
1205 2515 1306 2547 datus
1335 2514 1405 2546 fuit
1427 2514 1486 2546 ille
1509 2514 1605 2546 ordo.
1652 2512 1722 2546 Sed
1744 2513 1876 2555 primus
1897 2521 1959 2554 po·
1981 2538 1983 2540 ,

2056 675 2076 692 c.
2091 669 2136 693 158
2151 676 2165 689 a

2054 776 2129 802 Μυι.,
2148 776 2186 798 197

2050 1311 2070 1326 c.
2086 1305 2128 1329 1³8
2143 1305 2156 1325 1

2038 2156 2058 2171 c.
2074 2155 2116 2175 1³⁹
2131 2156 2146 2171 a

2031 2786 2108 2812 Mun„
2123 2785 2160 2806 198
