2242 3418
60 560 137 584 Mun..
151 558 191 580 22⁵

85 934 103 948 e.
119 928 160 952 178
174 928 186 948 b

84 1091 103 1107 t.
118 1089 159 1110 1717
173 1092 187 1105 a

75 1463 95 1478 ε.
110 1461 151 1482 179
170 1457 182 1477 b

71 2206 90 2220 c.
106 2200 146 2221 180
166 2207 180 2220 a

47 2726 124 2749 Mun..
139 2725 181 2747 22⁶

251 196 257 202 .
278 153 346 189 104
809 150 1090 187 MATTHAEI
1116 149 1187 184 DE
1217 146 1562 184 GRIFFONIBUS
1821 152 1905 188 [ΛΑ.
1928 155 2107 190 1417-1419]

267 285 523 319 Bartolomaeus
555 283 597 315 de
627 281 785 325 Macolis,
816 281 916 314 ambo
940 280 1066 313 milites
1089 279 1327 318 bononienses,
1351 279 1491 311 fuerunt
1514 283 1618 320 caput
1640 283 1675 311 et
1698 279 1802 312 duces
1833 280 2002 312 dictarum
2024 289 2108 324 gen-

267 339 362 372 tium.
398 337 531 374 Postea,
549 335 605 367 die
623 344 730 375 xx111J
747 334 833 366 dicti
850 333 975 366 mensis
988 332 1088 376 junii,
1106 332 1320 364 intraverunt
1337 331 1452 364 dictae
1466 336 1586 375 gentes
1602 331 1733 363 dictum
1749 337 1907 371 castrum,
1925 333 2018 376 quod
2033 338 2107 365 erat

266 397 301 423 et
316 395 454 422 steterat
471 388 598 420 rebelle
614 386 770 419 comunis
785 386 962 419 Bononiae
986 385 1136 418 sedecim
1160 384 1277 420 annisz
1294 390 1328 416 et
1351 389 1480 426 postea,
1505 383 1562 426 die
1585 383 1693 416 tercio
1716 384 1842 417 mensis
1862 385 1939 428 julii
1963 395 2106 428 sequen-

265 443 320 482 tis,
344 441 535 474 habuerunt
558 440 697 472 rocham
723 439 809 472 dicti
833 439 948 478 castri,
972 439 1022 471 ita
1045 438 1139 481 quod
1162 437 1250 470 dicti
1273 437 1394 469 rustici
1417 437 1612 479 proditores
1635 442 1756 470 contra
1779 448 1873 470 suam
1896 438 2106 471 voluntatem

266 494 391 528 reversi
415 495 554 526 fuerunt
576 493 622 525 ad
644 492 877 525 obedientiam
901 491 1057 524 comunis
1078 490 1265 523 Bononiae.
2153 490 2170 524 5

353 547 484 580 Eodem
507 556 608 584 anno,
633 546 691 578 die
714 546 889 578 dominica
912 555 969 586 111J
992 544 1075 588 julii.
1101 563 1142 567 —
1166 544 1392 576 Reverendus
1414 549 1513 586 pater
1541 543 1701 576 dominus
1727 544 1836 576 frater
1865 544 2031 577 Nicolaus
2062 544 2106 577 de

267 599 465 644 Albergatis
488 600 531 632 de
554 599 712 631 Bononia
736 599 778 631 de
802 598 924 631 ordine
948 599 1093 630 fratrum
1117 597 1160 630 de
1191 597 1340 630 Certoxa
1371 597 1439 629 fuit
1469 602 1690 629 consecratus
1720 602 1755 629 et
1784 597 1897 629 factus
1923 598 2105 640 episcopus

263 654 449 692 Bononiae,
473 652 533 696 qui
556 657 607 685 est
630 652 733 684 homo
758 658 895 684 sanctae
919 651 1010 684 vitae
1033 656 1068 683 et
1090 650 1134 683 de
1158 660 1226 693 quo
1249 655 1341 682 totus
1363 650 1512 693 populus
1542 649 1765 682 bononiensis
1795 650 1862 683 fuit
1891 650 1992 683 valde
2022 661 2105 684 con-

263 712 386 739 tentus.

353 759 484 792 Eodem
501 768 603 798 anno,
621 758 664 791 de
680 767 794 790 mense
811 757 1023 800 septembris.
1041 776 1082 779 —
1099 756 1253 790 Comune
1269 756 1446 790 Bononiae
1462 756 1549 788 fecit
1565 755 1694 789 destrui
1710 766 1826 791 omnes
1841 756 1967 801 burgos
1985 756 2104 790 Sancti
2131 758 2171 790 10

261 811 430 856 Johannis
453 811 623 854 praedicti
646 817 681 844 et
703 821 821 843 omnes
844 810 963 843 domos
979 810 1015 841 in
1032 809 1113 852 ipsis
1128 809 1312 842 existentes
1327 815 1361 842 et
1376 809 1554 852 explanari
1571 810 1707 847 foveas3
1724 815 1758 842 et
1773 819 1843 842 non
1859 810 2020 843 remansit
2036 810 2104 842 nisi

261 865 474 897 solummodo
498 870 647 896 castrum
671 869 778 896 vetus.

349 916 637 955 M.CCCCXV11‚
663 917 705 949 de
728 925 843 948 mense
866 915 1028 948 octobris.
1053 934 1095 939 -
1118 915 1217 948 Obiit
1240 915 1414 958 Johannes
1439 915 1617 948 Galeatius
1645 915 1688 948 de
1710 915 1917 954 Manfredis,
1947 915 2106 948 dominus

260 970 459 1008 Faventiae‚
483 975 592 1002 morte
615 969 775 1008 naturali,
799 969 888 1002 filius
911 969 993 1001 olim
1017 968 1193 1013 magnifici
1217 968 1350 1001 domini
1374 966 1531 1012 Astorgii
1564 969 1607 1002 de
1637 967 1833 1001 Manfredis
1857 968 1900 1001 de
1925 968 2102 1007 Faventia,

261 1022 392 1055 domini
416 1022 614 1055 Faventiae.
1956 1036 1959 1039 >
2132 1020 2170 1053 15

349 1074 618 1109 MCCCCXVII
641 1075 835 1118 praedicto.
860 1075 993 1108 Eodem
1017 1085 1119 1114 anno,
1144 1075 1202 1108 die
1225 1075 1304 1108 festi
1320 1075 1433 1108 sancti
1456 1074 1613 1114 Martini,
1630 1085 1668 1117 xJ
1691 1074 1817 1108 mensis
1839 1074 2045 1108 novembris.
2063 1093 2104 1098 -—-

259 1129 385 1164 Factus
407 1128 475 1162 fuit
497 1139 588 1171 papa
612 1128 771 1161 dominus
794 1128 898 1161 Oddo
921 1129 965 1161 de
989 1127 1182 1171 Columpna
1199 1128 1242 1161 de
1259 1128 1373 1161 Roma
1390 1128 1578 1161 cardinalis
1594 1134 1628 1161 et
1644 1133 1787 1161 vocatus
1802 1128 1870 1160 fuit
1893 1138 1984 1170 papa
2007 1127 2103 1160 Mar-
2129 1127 2132 1131 '

258 1182 351 1214 tinus
367 1182 507 1225 quintus
536 1187 571 1214 et
600 1182 714 1214 factus
737 1182 805 1214 fuit
828 1182 865 1214 in
888 1180 1096 1214 Alamannia
1119 1181 1156 1213 in
1180 1181 1321 1214 civitate
1345 1182 1586 1220 Constanciae,
1618 1181 1679 1214 ubi
1705 1187 1779 1214 erat
1810 1181 1998 1213 concilium
2029 1191 2106 1213 031·-

260 1235 428 1267 (111131111111
450 1240 485 1267 et
507 1240 580 1267 erat
611 1234 771 1267 dominus
794 1235 990 1278 imperator.
1036 1235 1082 1267 Et
1105 1240 1263 1276 speratur
1285 1235 1379 1277 quod
1401 1245 1465 1277 per
1487 1235 1587 1267 istam
1611 1234 1737 1267 bonam
1760 1240 1794 1266 et
1817 1234 2104 1276 perfectissimam

258 1288 460 1320 electionem
478 1287 564 1320 dicti
582 1287 714 1320 domini
738 1298 848 1330 papae
865 1288 1003 1320 tolletur
1025 1288 1128 1320 sisma
1144 1287 1323 1320 Ecclesiae
1338 1293 1372 1320 et
1388 1288 1482 1330 quod
1506 1288 1568 1320 iste
1590 1288 1658 1320 erit
1679 1288 1803 1319 unicus
1825 1293 1943 1329 pastor
1966 1292 2105 1319 sanctae
2128 1288 2171 1319 20

258 1340 383 1373 Matris
407 1340 585 1373 Ecclesiae
608 1346 642 1373 et
665 1340 716 1373 sic
739 1341 814 1373 Deo
837 1341 983 1383 placeat,
1007 1352 1028 1373 a
1051 1351 1119 1383 quo
1141 1341 1208 1373 hoe
1231 1346 1266 1373 et
1289 1346 1415 1373 cuncta
1438 1341 1506 1373 alia
1529 1340 1620 1373 bona
1650 1341 1854 1383 procedunt.
1902 1340 1975 1379 Qui
1999 1339 2104 1373 Oddo

258 1393 327 1426 fuit
351 1404 454 1426 causa
478 1393 703 1426 destrutionis
726 1393 881 1426 civitatis
904 1393 1086 1427 Bononiae
1109 1399 1144 1426 et
1167 1393 1399 1427 maledicatur
1421 1394 1458 1425 in
1481 1400 1670 1427 aeternum.

345 1445 652 1486 M.CCCCXV111,
675 1458 696 1480 a
720 1447 756 1479 dl
779 1456 868 1488 xva
891 1446 1069 1480 februarii.
1094 1466 1135 1470 —
1158 1447 1326 1479 Dominus
1342 1447 1599 1480 Bar-tolomaeus
1623 1448 1666 1480 de
1689 1447 1837 1491 Macolis
1860 1446 1969 1485 miles,
1994 1446 2104 1479 domi-

258 1511 322 1533 nus
344 1500 526 1533 Florianus
550 1501 593 1533 de
618 1500 747 1533 Sancto
769 1500 872 1532 Petro
897 1500 1020 1533 doctor
1042 1505 1076 1532 et
1098 1499 1281 1532 Mathaeus
1312 1501 1355 1533 de
1388 1500 1550 1533 Canitulo
1574 1510 1732 1543 campsor
1763 1500 1899 1532 iverunt
1930 1499 2105 1532 ambaxia-

256 1559 347 1594 tores
370 1554 525 1586 comunis
548 1554 725 1586 Bononiae
748 1554 794 1586 ad
818 1553 994 1586 dominum
1017 1564 1154 1596 papam.
1201 1553 1259 1594 [Et
1283 1554 1442 1586 dominus
1464 1553 1587 1586 Petrus
1611 1554 1654 1586 de
1677 1552 1920 1596 Ramponibus
1942 1552 2102 1585 similiter
2127 1550 2168 1584 25

256 1607 322 1640 ivit
343 1607 558 1640 ambaxiator
579 1607 626 1639 ad
647 1607 793 1639 eundem
816 1616 880 1649 pro
902 1612 1001 1649 parte
1025 1607 1157 1639 domini
1181 1607 1338 1649 episcopi
1362 1613 1396 1639 et
1419 1607 1504 1639 cleri
1527 1607 1772 1648 bononiensis}

343 1660 410 1693 Die
433 1670 526 1701 xan
548 1659 642 1704 maji.
667 1678 708 1682 ——
733 1660 833 1692 Facti
857 1661 997 1692 fuerunt
1020 1659 1058 1692 in
1082 1659 1228 1692 consilio
1258 1660 1412 1704 generali
1436 1660 1590 1692 comunis
1612 1660 1791 1692 Bononiae
1816 1661 1936 1692 decem
1967 1669 2105 1692 conser-

257 1719 391 1746 vatores
413 1718 520 1746 status
541 1718 576 1745 et
598 1712 778 1751 libertatis,
802 1713 943 1745 nomina
959 1723 1104 1756 quorum
1121 1718 1199 1746 sunt
1215 1713 1318 1746 haec:
1337 1713 1495 1746 dominus
1513 1713 1710 1746 Gozadinus
1727 1714 1770 1746 de
1795 1713 1984 1746 Gozadinis
2007 1712 2104 1744 miles

255 1772 290 1799 et
314 1767 446 1805 doctor,
471 1765 630 1798 dominus
659 1764 832 1798 Antonius
863 1766 907 1798 de
936 1766 1172 1810 Bentevolglis
1203 1766 1336 1804 doctor,
1366 1765 1540 1798 Antonius
1571 1767 1615 1798 de
1643 1766 1831 1805 Guidottis,
1854 1765 2037 1798 Mathaeus
2060 1765 2104 1797 de

255 1819 428 1857 Canitulo,
450 1818 650 1853 Ludovicus
674 1819 717 1851 de
739 1818 927 1858 Malviciis,
951 1819 1115 1863 Baxiglus
1147 1819 1191 1851 de
1222 1818 1449 1863 Arengheria,
1471 1819 1653 1851 Mathaeus
1684 1819 1727 1851 de
1750 1818 2008 1857 Marescalchis,
2040 1817 2103 1851 Ni·
2126 1818 2170 1849 30

255 1873 372 1904 0013113
395 1872 438 1904 de
460 1871 589 1910 Follea,
613 1871 740 1904 Paulus
767 1871 810 1904 de
834 1871 968 1913 Nappis
992 1877 1026 1904 et
1049 1871 1216 1904 Nicolaus
1240 1872 1283 1904 de
1306 1872 1550 1905 Zambecariis.

341 1925 408 1957 Die
431 1934 513 1965 va
536 1923 741 1957 novembris.
759 1942 801 1947 —
818 1924 998 1957 Venerunt
1013 1924 1206 1957 Bononiam
1223 1930 1371 1967 quatuor
1385 1925 1543 1968 praelati,
1559 1924 1811 1958 ambaxiatores
1835 1925 1968 1957 domini
1991 1934 2103 1967 papae

254 1977 409 2011 Martini.

342 2031 475 2064 Eodem
498 2040 599 2063 anno.
624 2049 666 2053 —
690 2030 863 2063 Henricus
887 2031 931 2063 de
953 2030 1115 2064 Filixinis
1138 2041 1309 2074 campsor,
1334 2031 1422 2064 civis
1445 2031 1609 2065 notabilis
1630 2031 1820 2071 Bononiae,
1844 2030 1998 2064 construi
2013 2029 2101 2063 fecit

254 2094 358 2117 unam
381 2084 549 2127 capellam
571 2083 608 2116 in
635 2083 795 2117 Ecclesia
817 2084 964 2117 fratrum
987 2083 1164 2117 Minorum
1187 2084 1250 2117 sub
1281 2084 1451 2117 vocabulo
1482 2085 1594 2117 sancti
1626 2084 1817 2123 Francisci,
1849 2084 1919 2117 suis
1948 2083 2101 2127 propriis
2124 2081 2166 2115 35

255 2137 424 2180 expensis.

341 2190 391 2223 M.
394 2189 665 2229 CCCCXVIIII,
683 2190 740 2223 die
757 2200 865 2236 xva
887 2189 1014 2223 martii.
1032 2209 1073 2214 —-
1090 2190 1198 2223 Venit
1213 2191 1404 2223 Bononiam
1425 2191 1566 2234 quidam
1590 2192 1699 2224 frater
1722 2192 1765 2224 de
1788 2190 1967 2228 Vercellis,
1984 2189 2116 2222 ordinis

252 2243 361 2275 sancti
383 2242 571 2282 Dominici,
595 2242 655 2285 qui
679 2243 870 2276 vocabatur
892 2244 1003 2276 frater
1024 2243 1231 2276 Manfredus
1253 2250 1287 2276 et
1302 2250 1380 2286 post
1397 2244 1507 2286 ipsum
1530 2250 1698 2277 venerunt
1714 2244 1808 2276 circa
1831 2253 1918 2276 cccc
1941 2243 2100 2275 mulieres

253 2296 297 2328 de
319 2296 498 2335 Vercellis,
522 2306 609 2340 quae
632 2295 894 2338 sequebantur
885 2306 1007 2339 ipsum,
1031 2302 1101 2328 tam
1125 2297 1168 2329 de
1191 2296 1360 2329 Vercellis
1383 2308 1485 2340 quam
1510 2297 1552 2330 de
1583 2297 1659 2330 aliis
1682 2297 1783 2330 terris
1804 2295 2044 2334 Lombardiae‚
2067 2301 2102 2327 et

252 2354 417 2381 steterunt
439 2347 475 2380 in
498 2348 655 2381 Bononia
679 2349 774 2380 circa
798 2354 944 2391 quatuor
965 2359 1097 2381 menses
1120 2355 1154 2381 et
1176 2355 1296 2391 postea
1318 2350 1494 2382 redierunt
1516 2350 1551 2382 in
1574 2350 1795 2383 Lombardia.
2124 2348 2166 2380 40

339 2401 407 2434 Die
429 2411 518 2442 XXVJ
539 2401 627 2445 julii.
652 2420 693 2424 —
716 2401 885 2434 Dominus
907 2402 1083 2445 Johannes
1106 2402 1232 2435 Nicola
1257 2403 1300 2435 de
1324 2402 1477 2435 Salernis
1500 2404 1543 2435 de
1567 2403 1707 2436 Verona
1733 2403 1831 2435 miles
1864 2401 2007 2434 intravit
2029 2400 2101 2434 offi-

251 2454 335 2486 tium
358 2454 563 2496 potestariae
585 2453 809 2487 bononiensis
831 2460 866 2487 et
889 2455 956 2487 fuit
978 2455 1230 2487 valentissimus
1252 2455 1353 2488 homo
1377 2461 1411 2488 et
1435 2456 1535 2489 valde
1559 2461 1676 2503 gratus
1699 2461 1733 2488 et
1756 2461 1919 2498 acceptus
1942 2454 2100 2487 omnibus

252 2506 385 2539 civibus
406 2507 594 2540 Bononiae.

340 2560 473 2593 Eodem
495 2569 597 2599 anno,
622 2559 680 2592 die
703 2560 839 2593 veneris
862 2570 942 2602 XXIJ
965 2561 1166 2594 decembris.
1191 2580 1232 2584 —
1258 2560 1354 2594 Obiit
1384 2561 1442 2594 ille
1473 2561 1716 2594 famosissimus
1740 2561 1908 2600 dominus,
1941 2560 2098 2593 dominus

251 2612 454 2645 Baldaserra
477 2612 577 2651 Cosa,
600 2623 692 2655 papa
715 2613 889 2656 Johannes
911 2613 1044 2653 XXIII,
1060 2620 1095 2647 et
1118 2613 1202 2646 obiit
1226 2614 1261 2646 in
1284 2615 1461 2647 Florentia
1483 2621 1518 2647 et
1541 2614 1731 2648 Florentini
1754 2614 1912 2647 fecerunt
1935 2613 2001 2647 sibi
2024 2618 2099 2645 tan-
2122 2611 2163 2644 45

253 2670 325 2697 tum
347 2665 522 2704 honorem,
539 2666 634 2709 quod
650 2666 747 2709 quasi
763 2676 833 2698 non
848 2672 963 2709 posset
979 2676 1044 2699 nec
1061 2667 1195 2700 calamo
1210 2667 1315 2700 scribi
1331 2678 1394 2700 nec
1413 2667 1518 2700 verbo
1534 2667 1793 2711 quomodolibet
1807 2666 1972 2700 enarrari.
2018 2665 2095 2708 Ipse

254 2717 347 2750 enim
372 2718 484 2751 fuerat
509 2719 639 2764 legatus
662 2719 703 2755 111,
722 2718 881 2752 Βο1101113
903 2724 937 2752 et
959 2719 1026 2753 ivit
1048 2719 1094 2752 ad
1125 2720 1312 2753 concilium
1343 2731 1447 2755 causa
1477 2720 1622 2754 tollendi
1653 2720 1777 2752 scisma
1793 2725 1827 2752 et
1859 2718 2008 2752 demum'
2031 2719 2100 2751 fuit

340 2855 370 2873 n
392 2851 516 2881 απαξ-να
533 2850 638 2882 expiari
654 2864 686 2869 -—
705 2856 737 2875 21
757 2849 817 2879 Qut
829 2850 952 2877 Oddo...
962 2868 968 2875 .
987 2850 1146 2883 aeternum}
1156 2854 1244 2883 quecea
1257 2852 1355 2883 parole
1365 2851 1467 2885 furano
1482 2852 1532 2883 poi
1547 2852 1689 2877 cas-allate
1703 2865 1735 2870 —
1750 2849 1831 2883 25-26
1844 2851 1880 2875 Et
1896 2850 2040 2875 dominus.
2051 2867 2072 2875 ..
2082 2867 2088 2875 .

249 2890 442 2923 bonomensis]
461 2899 528 2923 agg.
539 2891 587 2922 μὴ
605 2892 681 2917 tardi
697 2893 734 2917 da
752 2893 826 2917 altra
844 2900 919 2918 mano
940 2906 973 2911 —
992 2892 1075 2925 34-36
1094 2894 1204 2918 Notu'tia
1221 2902 1290 2927 agg.
1304 2893 1354 2926 pi&
1371 2894 1449 2919 tardi
