2196 3424
103 209 185 245 [ΑΛ.
206 210 385 243 13334334]
688 200 1010 238 MEMORIALE
1037 200 1361 238 HISTORICUM
1891 198 1939 234 43

110 277 197 284 m-m
198 272 1915 283 ....................................................................................................................................................................................................................................................................
1916 271 1942 276 .-

191 334 323 367 Eodem
346 343 437 366 anno
459 339 494 366 et
516 344 641 366 mense.
667 352 708 357 —
738 333 897 366 Mortuus
918 339 969 366 est
991 334 1168 367 Bononiae
1199 334 1406 367 reverendus
1435 339 1536 376 pater
1565 333 1723 366 dominus
1753 332 1870 365 Guido
1900 331 1944 363 de

103 387 269 421 Robertis
292 387 336 419 de
358 386 484 430 Regio,
508 386 790 429 archiepiscopus
812 386 1013 420 Ravennae.

190 440 323 473 Eodem
346 449 448 472 anno.
473 458 515 463 —-
539 440 707 473 Civitates
728 439 885 478 Cerviae‚
908 440 1092 480 caesenae,
1115 440 1319 483 Foripopuli
1343 445 1377 473 et
1407 440 1597 473 Ravennae
1627 451 1663 472 se
1693 439 1944 472 rebellaverunt

104 498 225 526 contra
249 493 425 525 dominum
449 493 598 536 legatum
621 498 656 525 et
679 492 871 525 Ecclesiam
893 503 1079 526 romanam.

62 545 81 578 5
191 545 323 578 Eodem
345 555 437 578 anno
460 550 495 578 et
516 555 641 578 mense.
659 564 700 569 —
720 545 802 578 Fuit
817 556 961 590 magnus
975 556 1092 579 rumor
1106 547 1143 579 in
1159 546 1317 579 Bononia
1340 546 1376 578 in
1399 546 1514 588 platea
1537 547 1628 579 inter
1643 546 1811 578 familiam
1834 549 1946 577 recto-

104 598 152 630 ris
174 603 209 631 et
232 598 364 631 domini
387 598 613 631 marescalchi
635 602 670 630 et
696 598 794 641 quasi
818 603 890 631 tota
913 598 1037 631 civitas
1059 599 1165 632 traxit
1187 600 1234 631 ad
1256 609 1351 631 arma
1363 611 1372 636 ;
1403 610 1471 642 qua
1495 599 1538 631 de
1562 609 1664 632 causa
1689 599 1847 631 dominus
1870 608 1945 630 car-

105 651 233 683 dinalis
255 651 404 683 cassavit
428 651 604 683 dominum
626 651 849 695 Raynaldum
873 651 917 683 de
940 651 1090 684 Staffulo
1113 657 1281 684 rectorem
1297 657 1331 684 et
1347 652 1434 684 fecit
1449 651 1555 684 alium
1575 657 1753 690 rectorem,
1770 651 1944 688 videlicet,

104 703 281 736 dominum
304 704 539 747 Johanninum
563 705 606 736 de
630 703 804 748 Fulgossis
829 704 872 736 de
895 704 1074 737 Placentia
1097 715 1160 747 per
1182 709 1252 737 tres
1274 714 1416 737 menses.

192 757 325 789 Eodem
348 767 450 796 anno,
475 757 518 789 de
540 767 655 789 mense
678 756 839 789 octobris.
864 775 906 779 —
936 757 1016 789 Rex
1046 756 1207 789 Boemiae
1230 757 1371 790 recessit
1403 758 1446 789 de
1477 757 1634 790 Bononia
1665 767 1743 790 cum
1773 757 1946 801 aliquibus
2019 771 2039 787 c.
2055 764 2082 789 7⁶
2097 770 2110 783 a

42 809 82 841 10
105 809 265 853 gentibus
289 810 332 842 de
356 809 566 843 Lombardia
588 815 623 842 et
645 809 711 841 ivit
732 807 960 848 fflamaniam,
985 810 1167 849 rediturus,
1192 815 1229 842 ut
1251 810 1408 843 asseruit.

192 858 324 894 Eodem
354 872 446 894 anno
475 868 509 894 et
531 872 656 895 mense.
681 880 723 886 —-
745 861 912 894 Dominus
934 862 1117 904 episcopus
1140 863 1327 901 Bononiae,
1350 873 1457 905 nepos
1481 863 1610 895 domini
1634 863 1750 908 legati,
1774 874 1852 896 cum
1874 874 1946 895 ma-

103 924 173 958 gna
196 915 361 947 comitiva
383 915 532 947 militum
555 916 599 947 de
625 915 783 947 Bononia
813 920 847 947 et
877 914 993 947 multis
1023 915 1271 957 stipendiariis,
1295 915 1432 948 iverunt
1462 926 1579 949 versus
1609 917 1821 955 Faventiam,
1845 927 1948 948 causa

96 967 329 1000 succurrendi
353 973 502 1000 castrum
524 968 699 1001 Caesenae
722 973 843 1000 contra
865 968 943 1000 illos
967 968 1010 1000 de
1032 967 1224 1000 Malatestis
1246 973 1281 1000 et
1303 968 1527 1001 Franciscum
1546 970 1589 1002 de
1605 970 1784 1002 Ordelaffis
1799 976 1832 1002 et
1849 970 1948 1002 Osta-

104 1020 210 1059 xium,
234 1020 294 1063 qui
317 1026 415 1053 erant
438 1030 555 1052 omnes
578 1020 722 1053 rebelles
745 1020 924 1052 Ecclesiae
946 1026 981 1053 et
1004 1020 1091 1053 dicti
1115 1021 1245 1053 domini
1270 1021 1384 1065 legati.

43 1070 81 1104 15
192 1072 324 1105 Eodem
340 1083 442 1106 anno.
459 1092 500 1096 —
516 1073 598 1106 Fuit
613 1077 709 1105 tanta
724 1078 758 1104 et
774 1078 870 1105 tanta
885 1073 1003 1115 pluvia
1018 1078 1052 1105 et
1068 1073 1153 1106 tales
1168 1074 1271 1112 troni,
1289 1073 1346 1106 die
1362 1084 1403 1106 ac
1419 1079 1531 1114 nocte,
1550 1075 1593 1107 de
1609 1086 1723 1108 mense
1744 1076 1948 1114 novembris,

106 1130 140 1158 et
163 1125 300 1158 duravit
322 1126 435 1168 spatio
458 1135 508 1158 xv
531 1126 663 1158 dierum
685 1125 892 1164 Florentiae,
917 1126 1011 1169 quod
1033 1125 1159 1158 flumen
1181 1125 1270 1158 Arni
1285 1132 1356 1159 tam
1372 1127 1511 1160 fortiter
1530 1128 1650 1167 crevit,
1667 1130 1760 1172 quod
1784 1129 1950 1162 destruxit

105 1178 229 1211 multas
252 1179 371 1211 domos
387 1184 422 1211 et
444 1179 600 1211 homines
621 1184 657 1211 et
672 1178 837 1210 animalia
859 1188 900 1211 ac
916 1184 1133 1218 mercatores,
1157 1184 1270 1211 castra
1285 1184 1319 1212 et
1335 1180 1475 1221 palatia,
1492 1186 1526 1212 et
1542 1181 1644 1213 tertia
1659 1192 1739 1223 pars
1754 1183 1950 1215 Florentiae

106 1231 173 1263 fuit
196 1232 384 1270 destructa3
401 1237 436 1264 et
450 1231 554 1264 etiam
577 1242 640 1274 per
662 1231 862 1264 comitatum
885 1231 1082 1264 Florentiae
1097 1237 1132 1264 et
1147 1231 1282 1264 Pisciae
1299 1232 1443 1275 aliquod
1459 1233 1620 1265 damnum
1637 1234 1732 1267 fecit.
1757 1234 1802 1266 Et
1819 1235 1949 1268 dictum

106 1284 172 1316 fuit
195 1284 387 1316 comuniter
407 1294 471 1326 per
492 1294 609 1316 omnes
633 1284 727 1327 quod
745 1283 811 1316 hoc
835 1284 902 1316 fuit
924 1284 1087 1327 juditium
1109 1284 1176 1316 Dei
1199 1289 1342 1327 propter
1357 1295 1482 1329 magna
1504 1291 1648 1327 peccata
1671 1286 1950 1320 Florentinorum

41 1336 84 1368 20
106 1341 141 1368 et
163 1337 310 1369 maxime
332 1342 475 1379 propter
489 1337 698 1369 horrendum
713 1342 748 1369 et
763 1336 926 1369 ineffabile
941 1342 1123 1379 peccatum
1138 1337 1392 1376 sodomiticum,
1417 1339 1511 1380 quod
1534 1339 1671 1371 fortiter
1686 1346 1806 1383 regnat
1829 1341 1863 1372 in
1889 1341 1949 1373 eis.

195 1390 327 1422 Eodem
350 1400 452 1422 anno.
476 1408 518 1413 ——-
540 1390 766 1432 Decapitatus
788 1389 854 1421 fuit
875 1389 1017 1421 Landus
1039 1389 1129 1422 filius
1152 1389 1300 1422 Nordoli
1325 1391 1368 1422 de
1391 1391 1555 1423 Nordolis
1579 1392 1622 1424 de
1646 1393 1762 1426 Imola.

195 1442 521 1486 MCCCXXXIIIJ.
545 1443 680 1475 Eodem
705 1452 807 1481 anno,
831 1442 874 1474 de
897 1452 1012 1474 mense
1043 1441 1204 1485 januarii.
1237 1461 1279 1465 —
1310 1443 1477 1476 Dominus
1507 1444 1677 1477 Mastinus
1709 1447 1752 1478 de
1782 1447 1817 1479 la
1848 1447 1952 1479 Scala
2025 1463 2045 1478 c.
2062 1455 2090 1480 7⁶
2105 1455 2116 1476 ὁ

108 1504 186 1527 cum
209 1495 277 1527 illis
300 1496 343 1527 de
367 1494 521 1539 Corigio,
546 1495 590 1527 de
611 1495 736 1527 Parma
765 1500 800 1526 et
830 1494 899 1526 illis
928 1495 972 1527 de
1002 1494 1158 1533 Mantua,
1187 1495 1230 1527 de
1254 1496 1422 1535 Ferraria,
1454 1507 1532 1529 cum
1564 1498 1740 1531 duomillia
1770 1500 1952 1543 equitibus,

108 1553 275 1580 venerunt
297 1548 333 1579 in
356 1548 520 1580 comitatu
543 1547 686 1580 Parmae
709 1553 743 1580 et
766 1548 923 1579 fecerunt
945 1557 1050 1579 unum
1074 1553 1224 1580 castrum
1247 1558 1417 1592 magnum,
1442 1550 1530 1582 sicut
1553 1560 1622 1582 una
1645 1551 1777 1591 civitas,
1800 1553 1847 1585 ad
1869 1553 1954 1585 Bre-

43 1597 84 1631 25
109 1600 229 1632 sellum
245 1600 339 1644 juxta
361 1600 505 1633 Padum.
550 1600 652 1632 Tunc
675 1600 726 1632 illi
750 1600 882 1633 domini
907 1601 950 1632 de
972 1600 1106 1632 Rubeis
1130 1601 1173 1632 de
1196 1600 1331 1640 Parma,
1348 1601 1399 1633 illi
1416 1602 1460 1634 de
1475 1603 1654 1646 Foglian0‚
1680 1605 1836 1638 dominus
1851 1605 1952 1638 Man-

111 1653 231 1686 fredus
247 1654 290 1686 de
305 1654 385 1693 Piis,
409 1653 462 1685 illi
486 1654 529 1685 de
551 1653 697 1685 Mantua
719 1663 797 1685 cum
819 1653 980 1697 gentibus
1002 1653 1082 1692 suis,
1107 1653 1285 1686 Ecclesiae
1300 1659 1334 1686 et
1351 1655 1480 1687 domini
1503 1655 1619 1699 legati,
1643 1657 1795 1690 volentes
1815 1665 1951 1691 contra-

110 1706 237 1745 dicere,
261 1707 418 1738 fecerunt
440 1706 716 1750 guarnimentum
739 1711 774 1738 et
796 1706 905 1738 nichil
929 1707 1096 1739 fecerunt.

196 1759 328 1791 Eodem
351 1769 453 1798 anno,
478 1759 521 1791 de
544 1768 659 1791 mense
682 1758 861 1791 februan‘i.
886 1778 927 1782 —
950 1759 1119 1792 Dominus
1142 1760 1274 1804 legatus
1297 1761 1340 1793 de
1363 1761 1508 1794 consilio
1531 1773 1592 1795 suo
1618 1764 1712 1796 misit
1735 1774 1851 1797 omnes
1874 1775 1953 1798 suos

109 1811 353 1854 stipendiarios
374 1811 502 1844 milites
524 1817 558 1844 et
580 1811 713 1854 pedites
735 1812 781 1844 ad
807 1812 1001 1844 satiendam
1024 1822 1129 1845 unum
1152 1819 1300 1845 castrum
1324 1814 1421 1857 juxta
1443 1816 1563 1847 turrim
1586 1816 1814 1850 Pontonariae
1837 1829 1954 1851 versus

43 1864 87 1896 30
109 1865 303 1898 Ferrariam
333 1865 423 1897 citra
452 1865 584 1898 Padum
622 1875 739 1898 versus
777 1865 942 1898 Sanctum
973 1865 1185 1904 Martinum3
1223 1872 1258 1899 et
1288 1868 1446 1900 fecerunt
1485 1869 1582 1911 quasi
1616 1875 1743 1910 totum,
1771 1872 1832 1904 sed
1862 1873 1951 1904 male

113 1918 291 1959 processit.

198 1971 331 2003 Eodem
353 1981 455 2004 anno.
480 1990 521 1994 -
544 1971 767 2004 Marchiones
789 1972 969 2005 Ferrariae
992 1983 1070 2005 cum
1093 1972 1215 2005 amicis
1237 1973 1307 2006 suis
1331 1974 1374 2006 de
1400 1974 1630 2014 Lombardia,'
1655 1977 1698 2008 de
1721 1977 1953 2010 Romandiola
2032 1985 2161 2010 Mun.,1⁵1

112 2028 147 2055 et
170 2024 214 2056 de
235 2024 366 2056 Tuscia
388 2030 597 2067 acceperunt
619 2035 682 2068 per
703 2025 775 2058 vim
798 2025 998 2070 Argentam.

200 2077 332 2109 Eodem
355 2087 457 2117 anno,
482 2078 540 2110 die
563 2087 644 2119 xvn
665 2078 792 2111 martii.
816 2097 858 2101 —
881 2078 1050 2111 Dominus
1075 2079 1292 2120 Beltrandus,
1316 2080 1504 2113 cardinalis
1534 2087 1568 2114 et
1591 2083 1722 2126 legatus
1744 2083 1952 2126 praedictus,
2028 2094 2048 2110 c·
2063 2092 2092 2111 ⁷⁷
2106 2094 2120 2107 ¹³

47 2127 88 2160 35
114 2129 172 2162 die
193 2130 291 2173 Jovis
313 2130 480 2163 olivarum
504 2140 583 2172 xv1J
604 2131 730 2170 martii,
753 2136 831 2173 post
853 2141 990 2171 nonam,
1014 2132 1050 2164 in
1067 2132 1205 2165 modica
1221 2133 1306 2165 hora
1322 2134 1389 2166 fuit
1411 2134 1566 2176 privatus
1587 2140 1622 2167 et
1644 2136 1803 2177 expulsus
1827 2137 1870 2168 de
1894 2137 1955 2168 do-

112 2182 221 2214 minio
244 2183 397 2215 civitatis
418 2183 596 2216 Bononiae
618 2190 653 2216 et
675 2184 777 2216 totius
796 2184 880 2228 ejus,
897 2185 991 2228 quod
1013 2185 1087 2227 ipse
1111 2185 1368 2225 dominabatur3
1385 2192 1419 2219 et
1435 2187 1534 2219 multi
1558 2188 1601 2220 de
1624 2188 1693 2220 suis
1716 2199 1795 2221 suae
1818 2189 1956 2233 linguae

113 2235 223 2268 occisi
238 2241 273 2268 et
289 2236 414 2268 mortui
430 2237 570 2269 fuerunt
585 2242 620 2269 et
635 2236 804 2276 derobati,
820 2242 890 2269 tam
907 2237 1028 2270 clerici
1045 2249 1147 2281 quam
1164 2238 1256 2278 laici,
1273 2239 1365 2271 inter
1380 2249 1465 2282 quos
1480 2240 1621 2272 fuerunt
1640 2241 1798 2273 dominus
1821 2242 1955 2274 archie-

114 2288 277 2330 piscopus
300 2289 344 2321 de
367 2289 555 2329 Embruno,
580 2290 738 2322 dominus
760 2290 943 2333 episcopus
965 2291 1154 2330 Bononiae,
1177 2292 1397 2324 mariscalcus
1413 2292 1520 2334 ipsius
1536 2293 1665 2325 domini
1680 2294 1785 2337 legati
1800 2300 1834 2326 et
1857 2295 1955 2327 multi

54 2348 55 2351 ’
114 2341 173 2373 alii
197 2341 374 2374 notabiles.
420 2342 465 2374 Et
488 2342 663 2386 negotium
686 2343 737 2375 sic
760 2353 797 2375 se
819 2343 948 2376 habuit.
995 2343 1085 2376 Nam
1108 2350 1250 2386 propter
1271 2345 1378 2377 malos
1400 2350 1435 2377 et
1457 2345 1655 2378 inhonestos
1680 2347 1800 2379 modos
1822 2357 1900 2380 suos
1922 2353 1956 2379 et

50 2394 93 2426 40
115 2394 340 2427 familiarium
363 2405 499 2427 suorum
522 2401 557 2428 et
579 2396 682 2428 totius
704 2405 784 2428 suae
807 2396 923 2428 curiae
945 2401 980 2429 et
1003 2397 1177 2436 collectas,
1201 2398 1357 2429 caristias
1379 2403 1414 2430 et
1435 2408 1586 2441 guerras,
1603 2398 1727 2441 quibus
1750 2399 1872 2432 civitas
1894 2399 1956 2432 bo-

115 2447 289 2480 noniensis
311 2453 385 2480 erat
408 2449 535 2481 cotidie
558 2458 721 2491 oppressa
743 2454 777 2481 et
800 2455 954 2492 gravata,
978 2455 1013 2482 et
1035 2449 1272 2489 verecundiae,
1297 2461 1384 2493 quae
1408 2451 1534 2483 fiebant
1562 2451 1772 2491 dominabus,
1797 2452 1958 2484 uxoribus

116 2505 150 2532 et
172 2500 306 2533 filiabus
336 2501 502 2533 bonorum
533 2501 683 2534 virorum
714 2502 868 2535 civitatis
898 2503 1085 2542 Bononiae,
1113 2508 1182 2535 tam
1212 2503 1405 2536 volentibus
1436 2515 1537 2546 quam
1568 2504 1773 2544 vetantibus,
1799 2505 1957 2537 dominus

116 2552 358 2586 Brandelixius
381 2555 425 2586 de
448 2554 646 2594 Gozadinis,
670 2555 839 2588 Collatius
861 2556 905 2588 de
926 2555 1131 2595 Becadellis,
1156 2556 1341 2588 Guidestus
1364 2557 1407 2588 de
1429 2556 1598 2588 Boateriis
1620 2562 1655 2589 et
1678 2558 1776 2589 multi
1791 2558 1849 2590 alii
1865 2558 1957 2590 simi-

116 2605 166 2638 les
188 2606 282 2639 cives
305 2606 542 2646 bononienses,
558 2617 636 2640 cum
658 2613 807 2641 tractatu
822 2609 1057 2642 marchionum
1081 2609 1124 2641 de
1148 2609 1307 2641 Ferraria
1329 2615 1363 2641 et
1387 2610 1602 2642 dominorum
1620 2610 1663 2642 de
1678 2610 1909 2643 Romandiola
1923 2617 1959 2643 et

0 2674 5 2701 ξ
51 2656 93 2690 45
117 2659 299 2692 multarum
314 2660 458 2692 aliarum
475 2661 634 2702 partium,
650 2661 879 2694 ascenderunt
893 2661 1060 2704 palatium
1077 2662 1231 2694 comunis
1246 2661 1432 2701 Bononiae,
1449 2663 1570 2694 armati
1586 2672 1663 2694 cum
1679 2663 1784 2705 spatis
1800 2663 1901 2695 nudis
1922 2664 1958 2695 in

0 2703 5 2760 f
116 2711 283 2752 manibus,
298 2718 334 2745 et
348 2723 451 2755 super
464 2714 668 2758 arengheria
690 2714 809 2756 palatii
832 2715 1001 2747 cridando
1016 2716 1087 2747 alta
1102 2725 1204 2747 voce:
1223 2734 1264 2738 —
1280 2715 1372 2747 Viva
1389 2715 1410 2746 'l
1426 2715 1552 2757 povolo
1568 2724 1587 2747 e
1603 2725 1699 2747 mora
1714 2716 1749 2748 lo
1766 2716 1898 2759 legatol
1916 2735 1958 2740 ——

0 2763 4 2803 ἱ
118 2765 219 2797 Tunc
242 2766 399 2808 populus,
415 2767 558 2799 audiens
580 2777 700 2799 vocem
722 2767 860 2800 illorum
875 2774 1082 2812 magnatum,
1099 2769 1203 2800 traxit
1226 2769 1271 2800 ad
1294 2779 1389 2800 arma
1405 2773 1440 2800 et
1462 2773 1534 2800 tota
1550 2768 1610 2800 illa
1625 2768 1682 2800 die
1699 2778 1816 2801 omnes
1832 2769 1959 2801 clama-

118 2824 239 2851 verunt
262 2819 437 2852 similiter:
455 2838 497 2843 ——
512 2820 618 2853 Vivat
633 2821 781 2863 populus
797 2826 832 2854 et
847 2822 1014 2854 moriatur
1030 2821 1178 2864 legatusI
1194 2821 1288 2853 -Et
1304 2822 1482 2864 fregerunt
1505 2831 1660 2853 carceres
1676 2822 1832 2864 comunis
1845 2821 1959 2854 Bono-

0 2867 5 2914 }
118 2871 196 2904 niae
218 2877 253 2904 et
275 2873 510 2915 imposuerunt
533 2874 647 2918 ignem
671 2873 708 2906 in
731 2874 861 2917 palatio
883 2874 996 2914 Bladi,
1020 2875 1080 2907 ubi
1103 2874 1301 2907 morabatur
1324 2874 1561 2913 marescalcus,
1584 2879 1618 2906 et
1641 2873 1689 2906 ibi
1705 2874 1803 2906 multi
1819 2875 1959 2908 fuerunt

0 2919 9 2984 ᾗ
55 2924 97 2959 50
119 2926 245 2959 mortui
267 2931 302 2959 et
324 2936 442 2960 omnes
465 2927 666 2971 depraedati
690 2926 846 2961 fuerunt!
892 2928 938 2961 Et
969 2928 1126 2961 dominus
1155 2928 1287 2972 legatus
1316 2932 1389 2960 erat
1425 2927 1461 2959 in
1492 2933 1604 2960 castro
1635 2937 1706 2967 suo,
1738 2928 1832 2971 quod
1862 2928 1955 2961 fece-
2033 2945 2054 2963 c.
2069 2943 2097 2965 77
2114 2940 2126 2961 ο

0 2987 9 3039 ἓ·

0 3057 8 3106 i

0 3110 6 3156 ἑ
