2242 3418
0 0 10 70 ἓ

148 182 232 218 [AA.
251 183 430 217 1:374-1376]
731 172 1050 209 MEMORIALE
1078 170 1402 208 HISTORICUM
1942 166 1960 206 7
1973 168 1986 203 l

148 311 199 339 tot
229 305 366 339 vicibus
396 303 559 336 clamavit
591 303 722 336 dictam
756 302 930 335 dominam
961 301 1157 335 Rafaellam
1188 301 1399 340 defunctam,
1430 300 1524 343 quod
1555 301 1631 342 ipsa
1655 299 1797 333 domina
1819 299 1996 338 Rafaella,

149 357 347 391 videntibus
369 356 474 389 dictis
495 356 603 396 sotiis,
627 355 789 399 apparuit
811 354 862 388 ibi
885 365 1001 387 coram
1025 354 1120 387 dicto
1142 353 1306 387 Mathaeo
1330 359 1504 397 tamquam
1535 353 1615 386 viva
1644 358 1680 386 et
1709 363 1788 386 cum
1811 352 1938 395 pannis
1961 357 1996 383 et

148 409 314 444 vestibus'
345 409 505 452 propriis,
530 419 615 452 quos
645 408 722 451 ipsa
754 407 914 451 portabat
946 413 1100 450 tempore
1130 407 1223 440 vitae
1252 417 1343 439 suae.
1388 406 1442 438 De
1472 416 1541 449 quo
1572 406 1660 438 dicti
1683 406 1765 439 sotii
1796 405 1994 438 habuerunt

149 472 310 507 magnum
333 467 515 505 stuporem.
562 462 641 504 Ipsa
664 461 805 494 domina
827 460 917 493 dixit
938 466 974 493 et
996 459 1158 494 salutavit
1178 460 1292 503 ipsum
1315 459 1515 492 Mathaeum
1538 463 1573 509 et
1596 459 1709 492 dictos
1732 458 1838 491 sotios
1860 467 1939 491 suos
1962 463 1998 490 et

107 516 125 549 5
149 516 238 550 dixit
254 516 318 548 eis:
337 533 378 539 —
394 515 511 548 Nolite
528 524 759 558 expavescere
775 520 809 547 et
824 523 894 546 non
909 512 1064 546 habeatis
1079 513 1235 546 timorem
1250 512 1398 556 aliquem
1413 512 1458 545 de
1474 522 1539 545 me.
1557 531 1598 535 —
1615 511 1660 545 Et
1675 517 1749 544 erat
1765 511 1861 544 circa
1876 521 1998 544 secun-

150 569 230 602 dam
253 568 372 601 horam
395 568 517 601 noctis.
563 568 609 600 Et
632 567 708 610 ipsa
731 566 872 599 domina
895 567 984 599 dixit
1008 566 1112 599 dictis
1136 566 1234 599 sotiis
1255 565 1423 604 Mathaei,
1440 575 1527 609 quos
1541 575 1659 598 omnes
1674 565 1750 607 ipsa
1765 564 1853 597 bene
1869 574 1999 609 cogno-

150 621 281 654 scebat:
300 639 342 644 -
357 621 461 664 Rogo
484 631 546 654 vos
568 620 662 663 quod
678 619 809 652 satiatis
823 629 886 652 vos
900 629 963 652 vos
978 629 1083 651 unum
1099 618 1273 652 modicum
1289 628 1453 660 seorsum,
1470 623 1508 650 ut
1526 627 1592 661 ego
1615 617 1742 660 possim
1767 617 1882 661 aliqua
1906 617 2000 660 loqui

152 684 230 706 cum
252 672 436 706 Mathae0.'
454 692 495 696 —
511 673 558 706 Et
580 678 663 705 tunc
688 672 775 705 dicti
791 672 872 704 sotii
888 671 939 704 sic
956 672 1117 704 fecerunt
1133 677 1167 704 et
1183 670 1322 704 stabant
1337 671 1440 715 longe
1455 681 1518 713 per
1534 671 1619 703 duas
1635 670 1811 713 pertichas
1834 671 1999 702 continuo

151 726 309 760 videntes
332 726 442 768 ipsam
466 736 544 759 cum
568 726 664 758 dicto
687 725 851 758 Mathaeo
875 725 994 757 sedere
1014 724 1111 767 juxta
1134 724 1247 767 ipsum
1270 723 1390 756 subtus
1412 734 1518 756 unum
1544 723 1787 767 pergolarium.
1834 723 1880 756 Et
1902 723 1997 755 stetit

90 781 128 812 10
152 780 227 823 ipsa
251 779 391 812 domina
414 779 466 812 ibi
489 789 568 811 cum
592 778 688 811 dicto
710 777 886 817 Mathaeo,
910 778 1063 810 sedendo
1086 777 1236 817 insimul,
1261 776 1375 820 spatio
1398 776 1501 809 unius
1528 776 1643 809 horae.
1689 776 1826 816 Postea,
1857 781 2002 819 accepto

153 831 328 864 chumiato
359 832 403 864 ab
433 832 510 874 ipso
532 831 696 864 Mathaeo
719 836 754 863 et
783 842 805 863 a
836 830 942 863 dictis
971 830 1041 863 suis
1071 830 1180 870 sotiis,
1210 829 1380 872 plorando
1413 829 1572 863 discessit
1603 841 1625 862 a
1656 830 1752 862 dicto
1782 829 1945 862 Mathaeo
1968 835 2003 862 et

152 884 262 918 dixit:
281 904 322 908 —
339 885 482 924 Caveas,
499 885 594 928 quod
609 894 803 927 numquam,
820 893 926 916 voces
941 894 996 915 me
1010 882 1152 916 ulterius
1174 893 1239 926 pro
1262 889 1369 926 tanto,
1386 888 1552 926 quantum
1575 888 1612 916 tu
1636 882 1742 915 habes
1767 894 1883 916 caram
1898 883 2003 916 vitam

152 944 255 971 tuam.
270 956 311 961 —-
327 938 373 970 Et
395 944 478 970 tunc
502 937 616 970 dictus
638 937 820 970 Mathaeus
850 947 929 971 cum
960 936 1059 969 sotiis
1081 936 1152 968 suis
1174 935 1226 968 ibi
1248 936 1413 969 remansit
1429 936 1600 979 plorando
1623 941 1658 969 et
1682 947 1868 980 numquam
1892 937 2003 970 voluit

154 991 271 1023 dicere
294 991 400 1023 alicui
424 990 594 1034 quicquid
624 990 722 1023 aliud
752 990 828 1032 ipsa
861 989 1002 1022 domina
1032 988 1099 1022 sibi
1131 989 1234 1029 dixit,
1265 999 1419 1021 asserens
1450 989 1544 1032 quod
1574 989 1650 1032 ipsa
1680 996 1905 1033 praeceperat
1935 990 2003 1023 sibi

91 1042 129 1076 15
155 1044 250 1087 quod
265 1044 339 1086 ipse
363 1054 548 1087 numquam
572 1043 705 1076 diceret
720 1043 828 1075 alicui
843 1048 879 1076 et
895 1043 1000 1086 quod,
1016 1042 1046 1075 si
1062 1042 1137 1085 ipse
1151 1042 1334 1075 Mathaeus
1348 1053 1511 1086 umquam
1528 1041 1672 1082 diceret,
1688 1043 1783 1086 quod
1798 1049 1886 1076 esset
1902 1054 2006 1076 causa

154 1097 399 1130 destructionis
414 1106 580 1140 personae
603 1096 713 1139 ipsius
734 1095 900 1128 Mathaei.
947 1095 1038 1128 Sotii
1061 1101 1175 1128 autem
1199 1095 1288 1128 dicti
1311 1094 1478 1135 Mathaei,
1503 1094 1564 1138 qui
1587 1101 1685 1128 erant
1708 1106 1825 1128 secum
1847 1102 1882 1130 et
1905 1107 2004 1140 prae-

155 1150 251 1183 dicta
273 1150 446 1190 viderunt,
463 1155 541 1182 sunt
556 1149 604 1190 hi,
620 1149 802 1182 videlicet:
825 1148 926 1194 Acco
950 1149 994 1181 de
1016 1148 1177 1188 Torellis,
1193 1147 1403 1192 Peregrinus
1427 1148 1471 1180 de
1494 1148 1738 1188 Zambecariis,
1761 1149 1936 1192 Johannes
1960 1151 2004 1183 de

154 1202 293 1245 Pepolis
316 1208 351 1235 et
366 1202 574 1236 Franciscus
597 1203 641 1235 de
656 1201 793 1241 Brunis,
817 1202 878 1246 qui
901 1211 1018 1234 omnes
1032 1201 1230 1234 asserebant
1254 1207 1290 1234 et
1311 1211 1375 1244 per
1389 1206 1641 1234 sacramentum
1657 1201 1873 1236 affirmabant
1887 1213 2005 1246 perso-

156 1255 281 1288 naliter
303 1256 431 1289 vidisse
453 1255 644 1299 praedicta.

89 1310 132 1341 20
244 1309 377 1342 Eodem
399 1318 502 1348 anno,
525 1309 570 1341 de
592 1319 708 1342 mense
730 1309 815 1353 julii.
839 1327 882 1332 —
905 1308 1003 1341 Obiit
1026 1308 1184 1341 dominus
1206 1308 1413 1341 Franciscus
1435 1308 1611 1348 Petrarca,
1634 1313 1737 1351 poeta
1759 1310 1913 1344 eximius.

242 1361 532 1395 M.CCCLXXV.
557 1380 598 1385 —
621 1362 788 1395 Dominus
811 1362 1016 1395 Franciscus
1039 1361 1083 1394 de
1107 1361 1290 1395 comitibus
1312 1361 1356 1394 de
1379 1361 1570 1404 Cmpello,
1587 1361 1746 1395 dominus
1767 1363 1939 1408 Ugolinus
1961 1364 2006 1397 de

157 1414 358 1460 Scrovignis
381 1416 425 1447 de
446 1415 578 1454 Padua,
601 1420 798 1458 potestates.

244 1468 377 1502 Eodem
400 1477 502 1507 anno,
526 1468 570 1500 de
593 1478 709 1501 mense
730 1468 827 1512 junii.
852 1486 894 1491 —-
917 1469 1027 1501 Facta
1048 1467 1118 1500 fuit
1139 1472 1284 1512 treugua
1302 1468 1393 1500 inter
1416 1468 1609 1501 Ecclesiam
1625 1473 1659 1502 et
1674 1469 1748 1513 ejus
1771 1469 1951 1515 colligatos
1966 1481 2010 1503 ex

155 1531 224 1553 una
246 1527 346 1564 parte
367 1527 403 1554 et
425 1521 582 1553 dominos
603 1520 841 1562 Bernabovem
863 1526 898 1553 et
921 1521 1116 1554 Galeatium
1139 1520 1371 1554 vicecomites
1393 1521 1438 1553 de
1460 1521 1661 1554 Mediolano
1677 1533 1720 1555 ex
1735 1523 1813 1563 alia,
1837 1535 1944 1567 usque
1963 1525 2010 1557 ad

91 1573 132 1606 25
157 1585 263 1607 unum
286 1585 414 1607 annum
437 1579 471 1607 et
494 1574 580 1607 duos
602 1584 734 1607 menses
740 1586 750 1613 3
775 1575 868 1607 infra
891 1584 977 1618 quos
1001 1574 1086 1606 duos
1108 1583 1242 1607 menses
1257 1573 1360 1607 debet
1382 1573 1554 1617 publicari
1576 1586 1655 1618 pax.

245 1628 378 1660 Eodem
394 1636 486 1660 anno
501 1633 536 1659 et
551 1637 676 1660 mense.
694 1646 735 1651 —-
752 1627 850 1660 Missi
865 1627 1006 1660 suerunt
1021 1627 1273 1660 ambaxiatores
1289 1627 1335 1660 ad
1350 1627 1624 1661 Predammalam
1639 1639 1704 1672 pro
1720 1630 1904 1671 discordia,
1921 1640 2010 1674 quae

156 1686 230 1714 erat
245 1681 336 1714 inter
350 1681 542 1713 Ecclesiam
558 1686 593 1713 et
609 1681 828 1713 Florentino
842 1690 907 1724 pro
922 1680 1028 1723 podio
1044 1680 1268 1720 Montisbeni,
1286 1691 1375 1724 quae
1390 1681 1457 1713 fuit
1472 1692 1553 1723 pars
1569 1682 1764 1715 discordiae
1779 1684 1871 1716 inter
1886 1684 2010 1717 Eccle-

157 1734 241 1766 siam
257 1739 292 1766 et
306 1733 539 1772 Florentinos;
556 1738 591 1765 et
606 1733 858 1782 ambaxiatores
873 1733 1014 1766 suerunt
1029 1733 1076 1772 hi,
1092 1728 1269 1766 videlicet:
1287 1733 1445 1766 dominus
1460 1732 1619 1767 Andreas
1635 1735 1678 1767 de
1693 1735 1809 1768 Bobus
1820 1736 1934 1780 legum
1946 1737 2009 1769 do-

158 1792 245 1825 ctor,
261 1786 418 1819 dominus
440 1786 629 1819 Mathiolus
653 1785 900 1831 Somenabriga
916 1786 960 1819 de
975 1786 1168 1819 Becadellis
1183 1791 1218 1819 et
1232 1786 1384 1829 Jacobus
1398 1786 1542 1820 Rubeus
1564 1787 1609 1819 de
1630 1787 1822 1821 Blanchitis
1845 1790 2008 1823 notarius.

92 1840 135 1872 30
246 1840 379 1873 Eodem
409 1849 512 1878 anno,
535 1839 580 1871 de
601 1849 718 1872 mense
741 1839 953 1883 septembris,
968 1840 1006 1872 in
1029 1839 1086 1872 die
1115 1845 1257 1872 sanctae
1280 1840 1312 1881 †.
1338 1858 1380 1863 —
1403 1838 1502 1884 Αςςο
1526 1840 1570 1872 de
1592 1840 1767 1874 Thorellis
1788 1852 1898 1886 prope
1920 1843 2009 1877 Cru-

159 1903 233 1925 cem
257 1892 463 1926 Sanctorum
486 1892 680 1925 vulneravit
703 1893 879 1925 dominum
901 1892 1071 1936 Jacobum
1086 1892 1130 1925 de
1145 1892 1180 1925 la
1194 1893 1326 1932 matta,
1351 1893 1557 1925 canonicum
1573 1893 1829 1934 bononiensem,
1846 1906 1924 1928 cum
1941 1905 2010 1929 una

158 1951 257 1989 spata
279 1955 382 1988 super
404 1946 535 1988 capite3
559 1951 595 1978 et
616 1955 681 1988 pro
712 1945 806 1978 dicto
837 1945 980 1990 Accone
1011 1945 1185 1988 Johannes
1216 1946 1260 1978 de
1291 1945 1493 1979 Garisendis
1515 1946 1589 1990 ejus
1612 1957 1721 1986 socer,
1752 1948 1935 1981 Mathaeus
1966 1950 2011 1982 de

160 1998 376 2032 Griffonibus
399 1999 506 2031 sotius
528 1998 637 2041 ipsius
658 1997 815 2043 Acconis
837 2005 872 2031 et
894 1999 1071 2042 Johannes
1095 1997 1193 2031 Berti
1218 1999 1262 2031 de
1285 1998 1492 2032 Ferantibus
1516 1999 1756 2043 fidejusserunt
1781 2002 1825 2034 de
1846 2012 2011 2044 praesen-

160 2052 267 2084 tando
289 2052 402 2094 ipsum·
423 2049 591 2095 Aeonem.
637 2051 684 2084 Et
707 2052 789 2094 quia
811 2052 897 2084 dicti
918 2051 1134 2095 fidejussores
1156 2056 1336 2084 senserunt
1364 2051 1458 2095 quod
1481 2052 1640 2085 dominus
1663 2053 1849 2086 cardinalis
1872 2054 2012 2088 volebat

94 2103 136 2137 35
161 2106 278 2138 facere
301 2105 492 2147 decapitari
515 2105 646 2137 dictum
668 2102 836 2149 Aconem,
858 2105 925 2148 ipsi
947 2104 1162 2148 fidejussores
1184 2104 1344 2137 fecerunt
1366 2105 1478 2147 ipsum
1500 2103 1657 2149 Aconem
1680 2106 1842 2139 recedere
1869 2108 1913 2140 de
1942 2108 2012 2141 Bo-

160 2158 276 2197 nonia,
299 2168 343 2190 ex
365 2167 445 2201 quo,
469 2158 550 2201 quia
573 2167 643 2190 non
665 2163 971 2200 praesentaverunt
993 2158 1116 2201 ipsum,
1139 2158 1206 2201 ipsi
1228 2158 1369 2190 fuerunt
1392 2159 1562 2191 carcerati
1584 2163 1619 2191 et
1642 2163 1809 2193 steterunt
1834 2170 1916 2203 me
1939 2161 2012 2194 die-

129 2227 136 2231 ·
161 2211 225 2244 bus
246 2211 284 2243 in
306 2210 504 2243 carceribus
525 2211 682 2243 comunis
703 2210 891 2244 Bononiae.

248 2263 556 2297 M.CCCLXXVI.
580 2282 622 2287 —
645 2264 813 2297 Dominus
835 2264 1010 2308 Johannes
1025 2265 1070 2298 de
1083 2265 1313 2299 Monterocho
1330 2266 1374 2298 de
1396 2265 1525 2299 Esculo
1548 2266 1662 2311 legum
1685 2267 1809 2300 doctor
1830 2268 1897 2302 fuit
1912 2273 2010 2311 pote-

162 2323 231 2351 stas
252 2317 430 2350 Bononiae
452 2327 560 2360 usque
581 2317 627 2350 ad
650 2327 701 2349 xx
724 2318 815 2350 diem
837 2319 961 2352 martii.

97 2372 140 2404 40
251 2371 384 2404 Eodem
396 2379 498 2403 anno.
513 2388 555 2393 —
567 2371 648 2403 Fuit
659 2380 803 2415 magnus
818 2372 982 2405 tumultus
997 2373 1034 2405 in
1049 2373 1207 2406 Bononia
1221 2377 1300 2416 post
1315 2373 1442 2406 festum
1458 2373 1659 2407 Nativitatis
1673 2374 1814 2408 Domini
1828 2375 1937 2409 nostri
1951 2386 2014 2418 per

164 2425 250 2457 duos
266 2425 340 2457 dies
354 2430 389 2457 et
405 2424 502 2468 quasi
517 2429 590 2457 tota
605 2425 728 2457 civitas
743 2425 848 2458 traxit
862 2425 908 2458 ad
923 2437 1029 2466 arma,
1045 2437 1088 2458 ex
1104 2436 1173 2470 quo
1189 2426 1347 2459 dominus
1362 2427 1495 2470 legatus
1510 2426 1630 2460 habuit
1645 2427 1829 2460 maximum
1846 2429 2012 2462 timorem.

252 2478 386 2511 Eodem
409 2487 511 2517 anno,
535 2477 592 2510 die
615 2487 683 2519 an
705 2478 863 2522 januarii.
888 2498 930 2502 —
952 2480 1120 2512 Dominus
1142 2480 1275 2524 legatus
1297 2480 1390 2512 misit
1412 2479 1662 2513 ambaxiatores
1685 2481 1731 2513 ad
1754 2482 1930 2514 dominum
1952 2493 2014 2525 pa—

164 2543 254 2575 pam,
278 2532 338 2575 qui
361 2537 435 2564 erat
457 2530 634 2571 Avinioni,
657 2532 819 2565 videlicet
836 2533 1011 2566 dominum
1036 2533 1269 2576 Guasparrum
1286 2534 1330 2566 de
1345 2533 1575 2572 Chaldarinis,
1593 2533 1820 2574 decretorum,
1838 2535 2014 2568 dominum

164 2586 440 2618 Bartolomaeum
463 2585 507 2617 de
531 2584 694 2624 Salicem,
716 2586 832 2630 legum
856 2586 1025 2620 doctores.

101 2637 142 2684 45
254 2639 388 2672 Eodem
410 2648 513 2672 anno.
538 2657 580 2661 ——
602 2637 787 2684 Astorgius
809 2640 854 2672 de
875 2639 1072 2673 Manfredis
1094 2641 1138 2673 de
1161 2641 1329 2673 Faventia
1359 2640 1496 2683 accepit
1527 2646 1677 2674 castrum
1708 2641 1897 2682 Fontanae,
1921 2642 2016 2686 quod

166 2693 280 2726 fuerat
303 2692 434 2725 domini
456 2692 635 2735 Johannis,
656 2693 765 2735 patris
787 2694 849 2732 sui,
872 2698 907 2726 et
930 2692 1123 2726 rebellavit'
1146 2703 1182 2726 se
1205 2694 1392 2726 Ecclesiae.

255 2746 389 2779 Eodem
411 2755 503 2778 anno
526 2751 561 2779 et
583 2755 709 2779 mense.
734 2764 776 2770 —-
799 2746 959 2780 Castrum
983 2746 1132 2781 Solaroli
1154 2757 1190 2780 se
1212 2746 1393 2780 rebellavit
1415 2752 1538 2780 contra
1561 2747 1754 2781 Ecclesiam
1781 2753 1816 2781 et
1845 2749 2016 2784 dederunt

168 2811 205 2834 se
227 2800 321 2836 dicto
344 2798 518 2845 Astorgio.
1982 2800 1986 2809 “

264 2924 297 2944 10
313 2916 439 2950 insimul]
457 2920 578 2951 autogr-x
596 2917 718 2943 insumul
738 2931 769 2936 —
791 2923 825 2943 20
843 2917 956 2944 Notiaeia
974 2917 1109 2951 aggr‘unta
1122 2915 1174 2950 pin}
1189 2916 1268 2944 tardi

2077 679 2133 699 Μυκ

2138 693 2154 703 .,
2172 679 2207 698 185

2117 2712 2166 2732 υιι.,
2182 2706 2219 2728 180
