<?xml version="1.0" encoding="UTF-8"?>
<!DOCTYPE html PUBLIC "-//W3C//DTD XHTML 1.0 Transitional//EN"
    "http://www.w3.org/TR/xhtml1/DTD/xhtml1-transitional.dtd">
<html xmlns="http://www.w3.org/1999/xhtml" xml:lang="en" lang="en">
 <head>
  <title>
</title>
<meta http-equiv="Content-Type" content="text/html;charset=utf-8" />
  <meta name='ocr-system' content='tesseract 3.04.00' />
  <meta name='ocr-capabilities' content='ocr_page ocr_carea ocr_par ocr_line ocrx_word'/>
</head>
<body>
  <div class='ocr_page' id='page_1' title='image "./rerumitalicarums182murauoft_0066.png"; bbox 0 0 2196 3424; ppageno 0'>
   <div class='ocr_carea' id='block_1_1' title="bbox 241 195 364 233">
    <p class='ocr_par' dir='ltr' id='par_1_1' title="bbox 241 195 364 233">
     <span class='ocr_line' id='line_1_1' title="bbox 241 195 364 233; baseline -0.008 0"><span class='ocrx_word' id='word_1_1' title='bbox 241 195 364 233; x_wconf 93' lang='lat' dir='ltr'>LVIII</span> 
     </span>
    </p>
   </div>
   <div class='ocr_carea' id='block_1_2' title="bbox 947 187 1356 226">
    <p class='ocr_par' dir='ltr' id='par_1_2' title="bbox 947 187 1356 226">
     <span class='ocr_line' id='line_1_2' title="bbox 947 187 1356 226; baseline -0.007 0"><span class='ocrx_word' id='word_1_2' title='bbox 947 189 1003 226; x_wconf 90' lang='grc' dir='ltr'>ΙΝ</span> <span class='ocrx_word' id='word_1_3' title='bbox 1006 187 1356 226; x_wconf 89' lang='lat' dir='ltr'>TRODUZIONE</span> 
     </span>
    </p>
   </div>
   <div class='ocr_carea' id='block_1_3' title="bbox 1952 266 2076 272">
    <p class='ocr_par' dir='ltr' id='par_1_3' title="bbox 1952 266 2076 272">
     <span class='ocr_line' id='line_1_3' title="bbox 1952 266 2076 272; baseline 0 0"><span class='ocrx_word' id='word_1_4' title='bbox 1952 266 2076 272; x_wconf 95' lang='lat' dir='ltr'> </span> 
     </span>
    </p>
   </div>
   <div class='ocr_carea' id='block_1_4' title="bbox 238 321 2081 743">
    <p class='ocr_par' dir='ltr' id='par_1_4' title="bbox 238 321 2079 617">
     <span class='ocr_line' id='line_1_4' title="bbox 243 321 2078 374; baseline -0.002 -9"><span class='ocrx_word' id='word_1_5' title='bbox 243 329 397 366; x_wconf 82' lang='lat' dir='ltr'>Griffoni</span> <span class='ocrx_word' id='word_1_6' title='bbox 406 338 417 374; x_wconf 83' lang='lat'><em>3</em></span> <span class='ocrx_word' id='word_1_7' title='bbox 445 338 504 362; x_wconf 87' lang='lat' dir='ltr'>rna</span> <span class='ocrx_word' id='word_1_8' title='bbox 531 338 570 362; x_wconf 89' lang='lat' dir='ltr'>se</span> <span class='ocrx_word' id='word_1_9' title='bbox 600 324 702 372; x_wconf 93' lang='lat' dir='ltr'>dopo</span> <span class='ocrx_word' id='word_1_10' title='bbox 721 324 745 359; x_wconf 90' lang='lat' dir='ltr'>il</span> <span class='ocrx_word' id='word_1_11' title='bbox 775 323 944 369; x_wconf 86' lang='lat' dir='ltr'>Griffoni‚</span> <span class='ocrx_word' id='word_1_12' title='bbox 973 335 1046 358; x_wconf 90' lang='lat' dir='ltr'>non</span> <span class='ocrx_word' id='word_1_13' title='bbox 1074 322 1111 358; x_wconf 88' lang='lat' dir='ltr'>di</span> <span class='ocrx_word' id='word_1_14' title='bbox 1139 321 1269 366; x_wconf 90' lang='lat' dir='ltr'>molto,</span> <span class='ocrx_word' id='word_1_15' title='bbox 1298 321 1432 368; x_wconf 73' lang='lat' dir='ltr'>poiche</span> <span class='ocrx_word' id='word_1_16' title='bbox 1460 321 1521 357; x_wconf 88' lang='lat' dir='ltr'>nel</span> <span class='ocrx_word' id='word_1_17' title='bbox 1556 321 1652 367; x_wconf 78' lang='lat'>1403</span> <span class='ocrx_word' id='word_1_18' title='bbox 1673 334 1694 358; x_wconf 92' lang='lat' dir='ltr'>e</span> <span class='ocrx_word' id='word_1_19' title='bbox 1712 323 1811 371; x_wconf 89' lang='lat' dir='ltr'>negli</span> <span class='ocrx_word' id='word_1_20' title='bbox 1830 325 1913 359; x_wconf 89' lang='lat' dir='ltr'>anni</span> <span class='ocrx_word' id='word_1_21' title='bbox 1931 337 2078 362; x_wconf 87' lang='lat' dir='ltr'><strong>succes-</strong></span> 
     </span>
     <span class='ocr_line' id='line_1_5' title="bbox 239 383 2079 428; baseline -0.002 -1"><span class='ocrx_word' id='word_1_22' title='bbox 239 391 305 428; x_wconf 89' lang='lat' dir='ltr'>sivi</span> <span class='ocrx_word' id='word_1_23' title='bbox 333 390 367 426; x_wconf 92' lang='lat' dir='ltr'>le</span> <span class='ocrx_word' id='word_1_24' title='bbox 394 388 598 425; x_wconf 83' lang='lat' dir='ltr'>narrazioni</span> <span class='ocrx_word' id='word_1_25' title='bbox 626 387 720 422; x_wconf 89' lang='lat' dir='ltr'><strong>delle</strong></span> <span class='ocrx_word' id='word_1_26' title='bbox 749 385 819 421; x_wconf 93' lang='lat' dir='ltr'>due</span> <span class='ocrx_word' id='word_1_27' title='bbox 849 385 1022 421; x_wconf 87' lang='lat' dir='ltr'>croniche</span> <span class='ocrx_word' id='word_1_28' title='bbox 1050 395 1143 419; x_wconf 88' lang='lat' dir='ltr'>sono</span> <span class='ocrx_word' id='word_1_29' title='bbox 1163 383 1222 419; x_wconf 89' lang='lat' dir='ltr'>del</span> <span class='ocrx_word' id='word_1_30' title='bbox 1242 389 1338 420; x_wconf 85' lang='lat' dir='ltr'>tutto</span> <span class='ocrx_word' id='word_1_31' title='bbox 1367 383 1522 421; x_wconf 89' lang='lat' dir='ltr'><strong>diverse.</strong></span> <span class='ocrx_word' id='word_1_32' title='bbox 1577 383 1640 419; x_wconf 87' lang='lat' dir='ltr'>Da</span> <span class='ocrx_word' id='word_1_33' title='bbox 1668 385 1729 420; x_wconf 85' lang='grc' dir='ltr'>0ἱὸ</span> <span class='ocrx_word' id='word_1_34' title='bbox 1747 386 1777 421; x_wconf 89' lang='lat' dir='ltr'>si</span> <span class='ocrx_word' id='word_1_35' title='bbox 1796 386 1922 423; x_wconf 86' lang='lat' dir='ltr'>ricava</span> <span class='ocrx_word' id='word_1_36' title='bbox 1941 399 2079 424; x_wconf 86' lang='lat' dir='ltr'>ancora</span> 
     </span>
     <span class='ocr_line' id='line_1_6' title="bbox 240 444 2076 498; baseline -0.002 -10"><span class='ocrx_word' id='word_1_37' title='bbox 240 464 311 488; x_wconf 89' lang='lat' dir='ltr'>una</span> <span class='ocrx_word' id='word_1_38' title='bbox 337 452 483 498; x_wconf 89' lang='lat' dir='ltr'>riprova</span> <span class='ocrx_word' id='word_1_39' title='bbox 510 449 578 485; x_wconf 90' lang='lat' dir='ltr'>che</span> <span class='ocrx_word' id='word_1_40' title='bbox 606 448 664 483; x_wconf 89' lang='lat' dir='ltr'>nel</span> <span class='ocrx_word' id='word_1_41' title='bbox 691 448 807 484; x_wconf 86' lang='lat' dir='ltr'>Testo</span> <span class='ocrx_word' id='word_1_42' title='bbox 835 446 1000 494; x_wconf 84' lang='lat' dir='ltr'>Vulgato</span> <span class='ocrx_word' id='word_1_43' title='bbox 1028 446 1203 482; x_wconf 83' lang='lat' dir='ltr'>abbiamo</span> <span class='ocrx_word' id='word_1_44' title='bbox 1223 444 1281 481; x_wconf 90' lang='lat' dir='ltr'>dal</span> <span class='ocrx_word' id='word_1_45' title='bbox 1307 445 1399 481; x_wconf 87' lang='lat'>1381</span> <span class='ocrx_word' id='word_1_46' title='bbox 1425 446 1458 481; x_wconf 91' lang='lat' dir='ltr'>al</span> <span class='ocrx_word' id='word_1_47' title='bbox 1484 445 1579 482; x_wconf 87' lang='grc'>1394</span> <span class='ocrx_word' id='word_1_48' title='bbox 1601 458 1649 482; x_wconf 89' lang='lat' dir='ltr'>un</span> <span class='ocrx_word' id='word_1_49' title='bbox 1668 448 1840 494; x_wconf 87' lang='lat' dir='ltr'>cronista‚</span> <span class='ocrx_word' id='word_1_50' title='bbox 1862 460 1882 484; x_wconf 91' lang='lat' dir='ltr'>e</span> <span class='ocrx_word' id='word_1_51' title='bbox 1902 460 1950 484; x_wconf 90' lang='lat' dir='ltr'>un</span> <span class='ocrx_word' id='word_1_52' title='bbox 1969 449 2076 495; x_wconf 80' lang='lat' dir='ltr'>altro,</span> 
     </span>
     <span class='ocr_line' id='line_1_7' title="bbox 238 507 2079 562; baseline -0.001 -13"><span class='ocrx_word' id='word_1_53' title='bbox 238 512 528 562; x_wconf 89' lang='lat' dir='ltr'>probabilmente</span> <span class='ocrx_word' id='word_1_54' title='bbox 556 510 716 555; x_wconf 88' lang='lat' dir='ltr'>diverso,</span> <span class='ocrx_word' id='word_1_55' title='bbox 746 509 806 545; x_wconf 89' lang='lat' dir='ltr'>dal</span> <span class='ocrx_word' id='word_1_56' title='bbox 839 509 933 546; x_wconf 88' lang='grc'>1395</span> <span class='ocrx_word' id='word_1_57' title='bbox 956 508 1111 552; x_wconf 85' lang='lat' dir='ltr'>innanzi,</span> <span class='ocrx_word' id='word_1_58' title='bbox 1132 507 1293 543; x_wconf 89' lang='lat' dir='ltr'>cronista</span> <span class='ocrx_word' id='word_1_59' title='bbox 1313 508 1380 543; x_wconf 89' lang='lat' dir='ltr'>che</span> <span class='ocrx_word' id='word_1_60' title='bbox 1409 508 1537 543; x_wconf 89' lang='lat' dir='ltr'>scrisse</span> <span class='ocrx_word' id='word_1_61' title='bbox 1567 508 1614 543; x_wconf 87' lang='lat' dir='ltr'>de</span> <span class='ocrx_word' id='word_1_62' title='bbox 1639 509 1724 545; x_wconf 82' lang='lat' dir='ltr'>visu</span> <span class='ocrx_word' id='word_1_63' title='bbox 1751 510 1954 547; x_wconf 87' lang='lat' dir='ltr'><strong>solamente</strong></span> <span class='ocrx_word' id='word_1_64' title='bbox 1976 510 2079 560; x_wconf 91' lang='lat' dir='ltr'>dopo</span> 
     </span>
     <span class='ocr_line' id='line_1_8' title="bbox 239 570 1357 617; baseline -0.006 -6"><span class='ocrx_word' id='word_1_65' title='bbox 239 576 264 611; x_wconf 93' lang='lat' dir='ltr'>il</span> <span class='ocrx_word' id='word_1_66' title='bbox 299 574 407 611; x_wconf 87' lang='lat'>1403.</span> <span class='ocrx_word' id='word_1_67' title='bbox 463 572 524 608; x_wconf 83' lang='lat' dir='ltr'>Sia</span> <span class='ocrx_word' id='word_1_68' title='bbox 551 572 651 608; x_wconf 90' lang='lat' dir='ltr'>l&#39;uno</span> <span class='ocrx_word' id='word_1_69' title='bbox 679 572 746 608; x_wconf 92' lang='lat' dir='ltr'>che</span> <span class='ocrx_word' id='word_1_70' title='bbox 775 571 895 607; x_wconf 83' lang='lat' dir='ltr'>l&#39;altro</span> <span class='ocrx_word' id='word_1_71' title='bbox 923 582 1014 606; x_wconf 89' lang='lat' dir='ltr'>sono</span> <span class='ocrx_word' id='word_1_72' title='bbox 1043 570 1357 617; x_wconf 87' lang='lat' dir='ltr'>contemporanei.</span> 
     </span>
    </p>

    <p class='ocr_par' dir='ltr' id='par_1_5' title="bbox 241 630 2081 743">
     <span class='ocr_line' id='line_1_9' title="bbox 342 630 2081 681; baseline 0 -10"><span class='ocrx_word' id='word_1_73' title='bbox 342 637 413 671; x_wconf 90' lang='lat' dir='ltr'>Per</span> <span class='ocrx_word' id='word_1_74' title='bbox 440 635 656 671; x_wconf 86' lang='lat' dir='ltr'>dimostrare</span> <span class='ocrx_word' id='word_1_75' title='bbox 685 634 752 669; x_wconf 91' lang='lat' dir='ltr'>che</span> <span class='ocrx_word' id='word_1_76' title='bbox 781 634 817 668; x_wconf 90' lang='lat' dir='ltr'>in</span> <span class='ocrx_word' id='word_1_77' title='bbox 845 638 974 680; x_wconf 86' lang='lat' dir='ltr'>questo</span> <span class='ocrx_word' id='word_1_78' title='bbox 1009 631 1167 679; x_wconf 76' lang='lat' dir='ltr'>periodo</span> <span class='ocrx_word' id='word_1_79' title='bbox 1208 630 1467 681; x_wconf 84' lang='lat'>(1395-1402)</span> <span class='ocrx_word' id='word_1_80' title='bbox 1497 637 1552 668; x_wconf 85' lang='lat' dir='ltr'>tra</span> <span class='ocrx_word' id='word_1_81' title='bbox 1588 632 1614 667; x_wconf 92' lang='lat' dir='ltr'>il</span> <span class='ocrx_word' id='word_1_82' title='bbox 1652 633 1769 669; x_wconf 89' lang='lat' dir='ltr'>Testo</span> <span class='ocrx_word' id='word_1_83' title='bbox 1797 633 1961 681; x_wconf 85' lang='lat' dir='ltr'>Vulgato</span> <span class='ocrx_word' id='word_1_84' title='bbox 1998 647 2019 671; x_wconf 92' lang='lat' dir='ltr'>e</span> <span class='ocrx_word' id='word_1_85' title='bbox 2055 635 2081 671; x_wconf 89' lang='lat' dir='ltr'>il</span> 
     </span>
     <span class='ocr_line' id='line_1_10' title="bbox 241 694 2079 743; baseline 0.001 -10"><span class='ocrx_word' id='word_1_86' title='bbox 241 697 394 734; x_wconf 85' lang='lat' dir='ltr'>Griffoni</span> <span class='ocrx_word' id='word_1_87' title='bbox 422 697 486 733; x_wconf 76' lang='lat' dir='ltr'>c&#39;e</span> <span class='ocrx_word' id='word_1_88' title='bbox 514 707 585 733; x_wconf 87' lang='lat' dir='ltr'>una</span> <span class='ocrx_word' id='word_1_89' title='bbox 611 695 768 743; x_wconf 89' lang='lat' dir='ltr'><strong>perfetta</strong></span> <span class='ocrx_word' id='word_1_90' title='bbox 806 694 1115 742; x_wconf 89' lang='lat' dir='ltr'>corrispondenza</span> <span class='ocrx_word' id='word_1_91' title='bbox 1142 699 1252 740; x_wconf 89' lang='lat' dir='ltr'>porto</span> <span class='ocrx_word' id='word_1_92' title='bbox 1290 706 1338 730; x_wconf 90' lang='lat' dir='ltr'>un</span> <span class='ocrx_word' id='word_1_93' title='bbox 1374 706 1481 741; x_wconf 87' lang='lat' dir='ltr'>passo</span> <span class='ocrx_word' id='word_1_94' title='bbox 1509 706 1531 730; x_wconf 87' lang='lat' dir='ltr'>a</span> <span class='ocrx_word' id='word_1_95' title='bbox 1557 695 1765 741; x_wconf 85' lang='lat' dir='ltr'>confront0‚</span> <span class='ocrx_word' id='word_1_96' title='bbox 1802 695 1926 732; x_wconf 77' lang='lat' dir='ltr'>Panno</span> <span class='ocrx_word' id='word_1_97' title='bbox 1969 696 2079 735; x_wconf 84' lang='lat'>1398.</span> 
     </span>
    </p>
   </div>
   <div class='ocr_carea' id='block_1_5' title="bbox 985 874 1329 912">
    <p class='ocr_par' dir='ltr' id='par_1_6' title="bbox 985 874 1329 912">
     <span class='ocr_line' id='line_1_11' title="bbox 985 874 1329 912; baseline 0.003 -1"><span class='ocrx_word' id='word_1_98' title='bbox 985 874 1163 912; x_wconf 94' lang='lat' dir='ltr'>ANNO</span> <span class='ocrx_word' id='word_1_99' title='bbox 1204 874 1329 912; x_wconf 87' lang='lat'>1398</span> 
     </span>
    </p>
   </div>
   <div class='ocr_carea' id='block_1_6' title="bbox 236 1013 1138 2815">
    <p class='ocr_par' dir='ltr' id='par_1_7' title="bbox 456 1013 910 1097">
     <span class='ocr_line' id='line_1_12' title="bbox 586 1013 780 1047; baseline -0.005 0"><span class='ocrx_word' id='word_1_100' title='bbox 586 1013 780 1047; x_wconf 69' lang='lat' dir='ltr'>GRquom.</span> 
     </span>
     <span class='ocr_line' id='line_1_13' title="bbox 456 1062 910 1097; baseline 0 -7"><span class='ocrx_word' id='word_1_101' title='bbox 456 1069 553 1097; x_wconf 69' lang='lat' dir='ltr'>(Nostra</span> <span class='ocrx_word' id='word_1_102' title='bbox 567 1068 635 1095; x_wconf 69' lang='lat' dir='ltr'>ediz„</span> <span class='ocrx_word' id='word_1_103' title='bbox 652 1075 689 1095; x_wconf 87' lang='lat' dir='ltr'>pp.</span> <span class='ocrx_word' id='word_1_104' title='bbox 703 1062 746 1096; x_wconf 83' lang='grc'>87,</span> <span class='ocrx_word' id='word_1_105' title='bbox 761 1066 788 1088; x_wconf 76' lang='grc'>36</span> <span class='ocrx_word' id='word_1_106' title='bbox 797 1077 807 1083; x_wconf 91' lang='grc'>·</span> <span class='ocrx_word' id='word_1_107' title='bbox 817 1062 859 1096; x_wconf 83' lang='grc'>88,</span> <span class='ocrx_word' id='word_1_108' title='bbox 877 1067 910 1094; x_wconf 84' lang='grc'>18)</span> 
     </span>
    </p>

    <p class='ocr_par' dir='ltr' id='par_1_8' title="bbox 236 1120 1138 2815">
     <span class='ocr_line' id='line_1_14' title="bbox 324 1120 1130 1152; baseline -0.004 -4"><span class='ocrx_word' id='word_1_109' title='bbox 324 1121 636 1148; x_wconf 85' lang='lat' dir='ltr'>MCCCLxxxxvm.</span> <span class='ocrx_word' id='word_1_110' title='bbox 662 1121 763 1146; x_wconf 84' lang='lat' dir='ltr'><strong>Eodem</strong></span> <span class='ocrx_word' id='word_1_111' title='bbox 790 1128 874 1152; x_wconf 79' lang='lat' dir='ltr'>anno,</span> <span class='ocrx_word' id='word_1_112' title='bbox 899 1120 943 1145; x_wconf 87' lang='lat' dir='ltr'>die</span> <span class='ocrx_word' id='word_1_113' title='bbox 968 1127 999 1145; x_wconf 89' lang='grc' dir='ltr'>ν1</span> <span class='ocrx_word' id='word_1_114' title='bbox 1025 1121 1130 1146; x_wconf 85' lang='lat' dir='ltr'>mensis</span> 
     </span>
     <span class='ocr_line' id='line_1_15' title="bbox 238 1169 1131 1203; baseline -0.002 -7"><span class='ocrx_word' id='word_1_115' title='bbox 238 1171 303 1202; x_wconf 74' lang='lat' dir='ltr'>mai,</span> <span class='ocrx_word' id='word_1_116' title='bbox 321 1171 396 1196; x_wconf 86' lang='lat' dir='ltr'>inter</span> <span class='ocrx_word' id='word_1_117' title='bbox 407 1172 526 1203; x_wconf 75' lang='lat' dir='ltr'>primam</span> <span class='ocrx_word' id='word_1_118' title='bbox 543 1171 571 1195; x_wconf 90' lang='lat' dir='ltr'>et</span> <span class='ocrx_word' id='word_1_119' title='bbox 587 1169 734 1196; x_wconf 79' lang='lat' dir='ltr'><strong>secundam</strong></span> <span class='ocrx_word' id='word_1_120' title='bbox 751 1170 852 1195; x_wconf 80' lang='lat' dir='ltr'>horam</span> <span class='ocrx_word' id='word_1_121' title='bbox 871 1170 970 1195; x_wconf 75' lang='lat' dir='ltr'>noctIs.</span> <span class='ocrx_word' id='word_1_122' title='bbox 987 1170 1131 1195; x_wconf 76' lang='lat' dir='ltr'>Dominus</span> 
     </span>
     <span class='ocr_line' id='line_1_16' title="bbox 237 1220 1131 1253; baseline -0.002 -6"><span class='ocrx_word' id='word_1_123' title='bbox 237 1221 372 1248; x_wconf 69' lang='lat' dir='ltr'>Chai-olus</span> <span class='ocrx_word' id='word_1_124' title='bbox 389 1221 423 1246; x_wconf 91' lang='lat' dir='ltr'>de</span> <span class='ocrx_word' id='word_1_125' title='bbox 435 1222 625 1247; x_wconf 80' lang='lat' dir='ltr'>Zambecariis</span> <span class='ocrx_word' id='word_1_126' title='bbox 642 1221 748 1252; x_wconf 86' lang='lat' dir='ltr'>doctor,</span> <span class='ocrx_word' id='word_1_127' title='bbox 765 1221 883 1253; x_wconf 78' lang='lat' dir='ltr'>Jacobus</span> <span class='ocrx_word' id='word_1_128' title='bbox 902 1221 935 1245; x_wconf 90' lang='lat' dir='ltr'>de</span> <span class='ocrx_word' id='word_1_129' title='bbox 954 1220 1131 1246; x_wconf 87' lang='lat' dir='ltr'>Griffonibus</span> 
     </span>
     <span class='ocr_line' id='line_1_17' title="bbox 236 1268 1131 1303; baseline -0.002 -8"><span class='ocrx_word' id='word_1_130' title='bbox 236 1270 265 1294; x_wconf 83' lang='lat' dir='ltr'>et</span> <span class='ocrx_word' id='word_1_131' title='bbox 288 1270 369 1295; x_wconf 87' lang='lat' dir='ltr'>multi</span> <span class='ocrx_word' id='word_1_132' title='bbox 391 1270 441 1295; x_wconf 81' lang='lat' dir='ltr'>alii</span> <span class='ocrx_word' id='word_1_133' title='bbox 462 1277 560 1295; x_wconf 90' lang='lat' dir='ltr'><strong>eorum</strong></span> <span class='ocrx_word' id='word_1_134' title='bbox 578 1277 707 1303; x_wconf 78' lang='lat' dir='ltr'><strong>sequaces</strong></span> <span class='ocrx_word' id='word_1_135' title='bbox 725 1270 871 1295; x_wconf 81' lang='lat' dir='ltr'>senserunt</span> <span class='ocrx_word' id='word_1_136' title='bbox 884 1268 958 1301; x_wconf 89' lang='lat' dir='ltr'>quod</span> <span class='ocrx_word' id='word_1_137' title='bbox 970 1270 1084 1294; x_wconf 83' lang='lat' dir='ltr'>Nannes</span> <span class='ocrx_word' id='word_1_138' title='bbox 1098 1268 1131 1293; x_wconf 88' lang='lat' dir='ltr'>de</span> 
     </span>
     <span class='ocr_line' id='line_1_18' title="bbox 237 1317 1130 1351; baseline -0.001 -8"><span class='ocrx_word' id='word_1_139' title='bbox 237 1317 391 1344; x_wconf 76' lang='lat' dir='ltr'>GozadInis</span> <span class='ocrx_word' id='word_1_140' title='bbox 403 1326 465 1344; x_wconf 88' lang='lat' dir='ltr'>cum</span> <span class='ocrx_word' id='word_1_141' title='bbox 478 1319 608 1344; x_wconf 88' lang='lat' dir='ltr'>omnibus</span> <span class='ocrx_word' id='word_1_142' title='bbox 619 1319 652 1344; x_wconf 88' lang='lat' dir='ltr'>de</span> <span class='ocrx_word' id='word_1_143' title='bbox 660 1319 738 1351; x_wconf 80' lang='lat' dir='ltr'><strong>septa</strong></span> <span class='ocrx_word' id='word_1_144' title='bbox 748 1326 798 1344; x_wconf 81' lang='lat' dir='ltr'>sua</span> <span class='ocrx_word' id='word_1_145' title='bbox 808 1318 940 1343; x_wconf 83' lang='lat' dir='ltr'>volebant</span> <span class='ocrx_word' id='word_1_146' title='bbox 949 1317 1039 1343; x_wconf 79' lang='lat' dir='ltr'><strong>facere</strong></span> <span class='ocrx_word' id='word_1_147' title='bbox 1049 1325 1130 1350; x_wconf 78' lang='lat' dir='ltr'><strong>gum·-</strong></span> 
     </span>
     <span class='ocr_line' id='line_1_19' title="bbox 236 1366 1131 1402; baseline 0 -11"><span class='ocrx_word' id='word_1_148' title='bbox 236 1367 392 1392; x_wconf 84' lang='lat' dir='ltr'>nimentum</span> <span class='ocrx_word' id='word_1_149' title='bbox 415 1369 445 1402; x_wconf 75' lang='lat' dir='ltr'>et</span> <span class='ocrx_word' id='word_1_150' title='bbox 468 1368 607 1393; x_wconf 76' lang='lat' dir='ltr'>armatam</span> <span class='ocrx_word' id='word_1_151' title='bbox 631 1369 730 1393; x_wconf 82' lang='lat' dir='ltr'>contra</span> <span class='ocrx_word' id='word_1_152' title='bbox 757 1368 845 1401; x_wconf 82' lang='lat' dir='ltr'>ipsos,</span> <span class='ocrx_word' id='word_1_153' title='bbox 868 1374 951 1392; x_wconf 77' lang='lat' dir='ltr'>causa</span> <span class='ocrx_word' id='word_1_154' title='bbox 974 1366 1131 1399; x_wconf 88' lang='lat' dir='ltr'>deponendi</span> 
     </span>
     <span class='ocr_line' id='line_1_20' title="bbox 236 1415 1130 1448; baseline 0 -8"><span class='ocrx_word' id='word_1_155' title='bbox 236 1416 314 1447; x_wconf 86' lang='lat' dir='ltr'>ipsos</span> <span class='ocrx_word' id='word_1_156' title='bbox 338 1415 372 1441; x_wconf 87' lang='lat' dir='ltr'>de</span> <span class='ocrx_word' id='word_1_157' title='bbox 395 1417 468 1442; x_wconf 77' lang='lat' dir='ltr'>statu</span> <span class='ocrx_word' id='word_1_158' title='bbox 487 1423 547 1442; x_wconf 90' lang='lat' dir='ltr'>suo.</span> <span class='ocrx_word' id='word_1_159' title='bbox 565 1417 601 1442; x_wconf 84' lang='lat' dir='ltr'>Et</span> <span class='ocrx_word' id='word_1_160' title='bbox 618 1416 752 1442; x_wconf 78' lang='lat' dir='ltr'><strong>habentes</strong></span> <span class='ocrx_word' id='word_1_161' title='bbox 769 1416 911 1442; x_wconf 79' lang='lat' dir='ltr'>audatiam</span> <span class='ocrx_word' id='word_1_162' title='bbox 931 1417 1047 1448; x_wconf 85' lang='lat' dir='ltr'>propter</span> <span class='ocrx_word' id='word_1_163' title='bbox 1071 1416 1130 1441; x_wconf 78' lang='lat' dir='ltr'>Mn-</span> 
     </span>
     <span class='ocr_line' id='line_1_21' title="bbox 236 1463 1131 1497; baseline 0 -9"><span class='ocrx_word' id='word_1_164' title='bbox 236 1463 348 1488; x_wconf 75' lang='lat' dir='ltr'><strong>thaeum</strong></span> <span class='ocrx_word' id='word_1_165' title='bbox 360 1464 395 1489; x_wconf 87' lang='lat' dir='ltr'>de</span> <span class='ocrx_word' id='word_1_166' title='bbox 407 1463 589 1496; x_wconf 76' lang='lat' dir='ltr'>Griffonibus‚</span> <span class='ocrx_word' id='word_1_167' title='bbox 608 1465 656 1497; x_wconf 87' lang='lat' dir='ltr'>qui</span> <span class='ocrx_word' id='word_1_168' title='bbox 674 1466 743 1490; x_wconf 87' lang='lat' dir='ltr'>tunc</span> <span class='ocrx_word' id='word_1_169' title='bbox 761 1466 821 1490; x_wconf 77' lang='lat' dir='ltr'><strong>eret</strong></span> <span class='ocrx_word' id='word_1_170' title='bbox 833 1464 1039 1490; x_wconf 71' lang='lat' dir='ltr'>confalonerius</span> <span class='ocrx_word' id='word_1_171' title='bbox 1051 1464 1131 1497; x_wconf 77' lang='lat' dir='ltr'>justi-</span> 
     </span>
     <span class='ocr_line' id='line_1_22' title="bbox 237 1511 1131 1545; baseline 0.001 -9"><span class='ocrx_word' id='word_1_172' title='bbox 237 1511 301 1543; x_wconf 79' lang='lat' dir='ltr'><strong>tiae,</strong></span> <span class='ocrx_word' id='word_1_173' title='bbox 313 1513 460 1538; x_wconf 80' lang='lat' dir='ltr'>traxerunt</span> <span class='ocrx_word' id='word_1_174' title='bbox 471 1512 506 1538; x_wconf 83' lang='lat' dir='ltr'>ad</span> <span class='ocrx_word' id='word_1_175' title='bbox 515 1512 639 1545; x_wconf 77' lang='lat' dir='ltr'><strong>plateam</strong></span> <span class='ocrx_word' id='word_1_176' title='bbox 657 1520 720 1538; x_wconf 90' lang='lat' dir='ltr'>cum</span> <span class='ocrx_word' id='word_1_177' title='bbox 738 1514 861 1538; x_wconf 79' lang='lat' dir='ltr'>maxima</span> <span class='ocrx_word' id='word_1_178' title='bbox 879 1514 1015 1539; x_wconf 84' lang='lat' dir='ltr'>comitiva</span> <span class='ocrx_word' id='word_1_179' title='bbox 1027 1513 1131 1538; x_wconf 78' lang='lat' dir='ltr'>armati</span> 
     </span>
     <span class='ocr_line' id='line_1_23' title="bbox 237 1560 1131 1595; baseline 0.001 -10"><span class='ocrx_word' id='word_1_180' title='bbox 237 1567 299 1585; x_wconf 87' lang='lat' dir='ltr'>cum</span> <span class='ocrx_word' id='word_1_181' title='bbox 316 1560 518 1592; x_wconf 75' lang='lat' dir='ltr'>confannibus,</span> <span class='ocrx_word' id='word_1_182' title='bbox 530 1561 676 1587; x_wconf 79' lang='lat' dir='ltr'>cridando:</span> <span class='ocrx_word' id='word_1_183' title='bbox 696 1562 794 1587; x_wconf 80' lang='lat' dir='ltr'>“Viva</span> <span class='ocrx_word' id='word_1_184' title='bbox 812 1561 830 1586; x_wconf 88' lang='lat' dir='ltr'>‘l</span> <span class='ocrx_word' id='word_1_185' title='bbox 848 1562 962 1595; x_wconf 84' lang='lat' dir='ltr'>povolo‚</span> <span class='ocrx_word' id='word_1_186' title='bbox 976 1569 990 1587; x_wconf 91' lang='lat' dir='ltr'>e</span> <span class='ocrx_word' id='word_1_187' title='bbox 1010 1569 1091 1588; x_wconf 77' lang='lat' dir='ltr'>mora</span> <span class='ocrx_word' id='word_1_188' title='bbox 1108 1561 1131 1586; x_wconf 87' lang='lat' dir='ltr'>li</span> 
     </span>
     <span class='ocr_line' id='line_1_24' title="bbox 237 1608 1132 1641; baseline 0.003 -8"><span class='ocrx_word' id='word_1_189' title='bbox 237 1608 369 1635; x_wconf 76' lang='lat' dir='ltr'>tradituri</span> <span class='ocrx_word' id='word_1_190' title='bbox 378 1626 401 1641; x_wconf 59' lang='grc' dir='ltr'>,μ</span> <span class='ocrx_word' id='word_1_191' title='bbox 437 1610 474 1635; x_wconf 86' lang='lat' dir='ltr'>Et</span> <span class='ocrx_word' id='word_1_192' title='bbox 498 1610 620 1636; x_wconf 78' lang='lat' dir='ltr'><strong>fecerunt</strong></span> <span class='ocrx_word' id='word_1_193' title='bbox 644 1611 701 1636; x_wconf 90' lang='lat' dir='ltr'>sibi</span> <span class='ocrx_word' id='word_1_194' title='bbox 719 1610 779 1636; x_wconf 76' lang='lat' dir='ltr'>dari</span> <span class='ocrx_word' id='word_1_195' title='bbox 803 1611 891 1636; x_wconf 84' lang='lat' dir='ltr'>libros</span> <span class='ocrx_word' id='word_1_196' title='bbox 915 1612 1085 1636; x_wconf 70' lang='lat' dir='ltr'><strong>exumomm</strong></span> <span class='ocrx_word' id='word_1_197' title='bbox 1102 1611 1132 1635; x_wconf 91' lang='lat' dir='ltr'>et</span> 
     </span>
     <span class='ocr_line' id='line_1_25' title="bbox 237 1658 1131 1692; baseline 0.002 -10"><span class='ocrx_word' id='word_1_198' title='bbox 237 1658 374 1682; x_wconf 80' lang='lat' dir='ltr'><strong>certarum</strong></span> <span class='ocrx_word' id='word_1_199' title='bbox 391 1659 589 1690; x_wconf 74' lang='lat' dir='ltr'>provisionum</span> <span class='ocrx_word' id='word_1_200' title='bbox 606 1658 744 1685; x_wconf 75' lang='lat' dir='ltr'>factarum</span> <span class='ocrx_word' id='word_1_201' title='bbox 763 1667 813 1692; x_wconf 89' lang='lat' dir='ltr'>per</span> <span class='ocrx_word' id='word_1_202' title='bbox 837 1661 964 1686; x_wconf 80' lang='lat' dir='ltr'>Nannem</span> <span class='ocrx_word' id='word_1_203' title='bbox 983 1660 1016 1685; x_wconf 91' lang='lat' dir='ltr'>de</span> <span class='ocrx_word' id='word_1_204' title='bbox 1042 1660 1131 1685; x_wconf 82' lang='lat' dir='ltr'>Goza-</span> 
     </span>
     <span class='ocr_line' id='line_1_26' title="bbox 238 1705 1131 1742; baseline 0.003 -11"><span class='ocrx_word' id='word_1_205' title='bbox 238 1705 312 1732; x_wconf 76' lang='lat' dir='ltr'>dinIs</span> <span class='ocrx_word' id='word_1_206' title='bbox 345 1708 374 1732; x_wconf 88' lang='lat' dir='ltr'>et</span> <span class='ocrx_word' id='word_1_207' title='bbox 401 1707 558 1740; x_wconf 78' lang='lat' dir='ltr'>johannem</span> <span class='ocrx_word' id='word_1_208' title='bbox 584 1707 723 1734; x_wconf 84' lang='lat' dir='ltr'>Ludovici</span> <span class='ocrx_word' id='word_1_209' title='bbox 748 1708 782 1734; x_wconf 88' lang='lat' dir='ltr'>de</span> <span class='ocrx_word' id='word_1_210' title='bbox 805 1709 964 1742; x_wconf 79' lang='lat' dir='ltr'>Johannem</span> <span class='ocrx_word' id='word_1_211' title='bbox 990 1709 1131 1734; x_wconf 89' lang='lat' dir='ltr'>Ludovici</span> 
     </span>
     <span class='ocr_line' id='line_1_27' title="bbox 237 1754 1131 1790; baseline 0.004 -10"><span class='ocrx_word' id='word_1_212' title='bbox 237 1754 270 1780; x_wconf 82' lang='lat' dir='ltr'>de</span> <span class='ocrx_word' id='word_1_213' title='bbox 288 1755 491 1782; x_wconf 86' lang='lat' dir='ltr'>Monterenzoll</span> <span class='ocrx_word' id='word_1_214' title='bbox 508 1758 651 1783; x_wconf 78' lang='lat' dir='ltr'>notarium</span> <span class='ocrx_word' id='word_1_215' title='bbox 669 1757 703 1783; x_wconf 90' lang='lat' dir='ltr'>de</span> <span class='ocrx_word' id='word_1_216' title='bbox 721 1759 801 1790; x_wconf 77' lang='lat' dir='ltr'><strong>septe.</strong></span> <span class='ocrx_word' id='word_1_217' title='bbox 821 1757 892 1784; x_wconf 82' lang='lat' dir='ltr'>dicti</span> <span class='ocrx_word' id='word_1_218' title='bbox 916 1759 1037 1788; x_wconf 73' lang='lat' dir='ltr'>Nannis,</span> <span class='ocrx_word' id='word_1_219' title='bbox 1062 1765 1131 1790; x_wconf 81' lang='lat' dir='ltr'>quas</span> 
     </span>
     <span class='ocr_line' id='line_1_28' title="bbox 238 1804 1132 1839; baseline 0.003 -10"><span class='ocrx_word' id='word_1_220' title='bbox 238 1804 414 1835; x_wconf 79' lang='lat' dir='ltr'>provisiones</span> <span class='ocrx_word' id='word_1_221' title='bbox 430 1804 538 1831; x_wconf 72' lang='lat' dir='ltr'><strong>fecerat</strong></span> <span class='ocrx_word' id='word_1_222' title='bbox 554 1805 645 1832; x_wconf 81' lang='lat' dir='ltr'>dictus</span> <span class='ocrx_word' id='word_1_223' title='bbox 659 1806 801 1839; x_wconf 77' lang='lat' dir='ltr'>Johnnnes</span> <span class='ocrx_word' id='word_1_224' title='bbox 813 1807 846 1832; x_wconf 89' lang='lat' dir='ltr'>de</span> <span class='ocrx_word' id='word_1_225' title='bbox 865 1807 974 1833; x_wconf 89' lang='lat' dir='ltr'>duobus</span> <span class='ocrx_word' id='word_1_226' title='bbox 989 1807 1132 1832; x_wconf 87' lang='lat' dir='ltr'>mensibus</span> 
     </span>
     <span class='ocr_line' id='line_1_29' title="bbox 238 1853 1131 1888; baseline 0.004 -11"><span class='ocrx_word' id='word_1_227' title='bbox 238 1854 405 1885; x_wconf 79' lang='lat' dir='ltr'>praeteritis,</span> <span class='ocrx_word' id='word_1_228' title='bbox 424 1854 534 1886; x_wconf 72' lang='lat' dir='ltr'>quando</span> <span class='ocrx_word' id='word_1_229' title='bbox 552 1853 643 1880; x_wconf 76' lang='lat' dir='ltr'><strong>fuerat</strong></span> <span class='ocrx_word' id='word_1_230' title='bbox 660 1856 797 1888; x_wconf 75' lang='lat' dir='ltr'>nntinnus,</span> <span class='ocrx_word' id='word_1_231' title='bbox 817 1857 847 1880; x_wconf 90' lang='lat' dir='ltr'>et</span> <span class='ocrx_word' id='word_1_232' title='bbox 864 1857 940 1888; x_wconf 79' lang='lat' dir='ltr'>ipsas</span> <span class='ocrx_word' id='word_1_233' title='bbox 952 1856 1131 1888; x_wconf 79' lang='lat' dir='ltr'>provisiones</span> 
     </span>
     <span class='ocr_line' id='line_1_30' title="bbox 238 1901 1130 1938; baseline 0.004 -12"><span class='ocrx_word' id='word_1_234' title='bbox 238 1902 265 1926; x_wconf 84' lang='lat' dir='ltr'>et</span> <span class='ocrx_word' id='word_1_235' title='bbox 282 1901 367 1928; x_wconf 86' lang='lat' dir='ltr'>libros</span> <span class='ocrx_word' id='word_1_236' title='bbox 385 1910 483 1929; x_wconf 88' lang='lat' dir='ltr'>omnes</span> <span class='ocrx_word' id='word_1_237' title='bbox 501 1905 641 1929; x_wconf 84' lang='lat' dir='ltr'>comburri</span> <span class='ocrx_word' id='word_1_238' title='bbox 658 1903 784 1930; x_wconf 75' lang='lat' dir='ltr'><strong>fecerunt</strong></span> <span class='ocrx_word' id='word_1_239' title='bbox 803 1906 835 1931; x_wconf 89' lang='lat' dir='ltr'>in</span> <span class='ocrx_word' id='word_1_240' title='bbox 853 1906 944 1938; x_wconf 78' lang='lat' dir='ltr'><strong>platea</strong></span> <span class='ocrx_word' id='word_1_241' title='bbox 962 1907 991 1930; x_wconf 84' lang='lat' dir='ltr'>et</span> <span class='ocrx_word' id='word_1_242' title='bbox 1015 1906 1130 1930; x_wconf 89' lang='lat' dir='ltr'>iverunt</span> 
     </span>
     <span class='ocr_line' id='line_1_31' title="bbox 238 1951 1132 1987; baseline 0.004 -12"><span class='ocrx_word' id='word_1_243' title='bbox 238 1956 290 1982; x_wconf 85' lang='lat' dir='ltr'>pro</span> <span class='ocrx_word' id='word_1_244' title='bbox 314 1958 398 1983; x_wconf 79' lang='lat' dir='ltr'>capsa</span> <span class='ocrx_word' id='word_1_245' title='bbox 421 1951 578 1977; x_wconf 76' lang='lat' dir='ltr'>balotarum</span> <span class='ocrx_word' id='word_1_246' title='bbox 600 1953 753 1979; x_wconf 87' lang='lat' dir='ltr'>officiorum</span> <span class='ocrx_word' id='word_1_247' title='bbox 778 1955 807 1979; x_wconf 84' lang='lat' dir='ltr'>et</span> <span class='ocrx_word' id='word_1_248' title='bbox 833 1955 924 1987; x_wconf 83' lang='lat' dir='ltr'>ipsam</span> <span class='ocrx_word' id='word_1_249' title='bbox 948 1954 1132 1979; x_wconf 77' lang='lat' dir='ltr'><strong>stellaverunt</strong></span> 
     </span>
     <span class='ocr_line' id='line_1_32' title="bbox 239 1999 1132 2033; baseline 0.003 -10"><span class='ocrx_word' id='word_1_250' title='bbox 239 1999 268 2023; x_wconf 83' lang='lat' dir='ltr'>et</span> <span class='ocrx_word' id='word_1_251' title='bbox 285 1999 491 2026; x_wconf 86' lang='lat' dir='ltr'>combuserunt.</span> <span class='ocrx_word' id='word_1_252' title='bbox 526 2001 564 2026; x_wconf 88' lang='lat' dir='ltr'>Et</span> <span class='ocrx_word' id='word_1_253' title='bbox 581 2001 647 2033; x_wconf 80' lang='lat' dir='ltr'>quia</span> <span class='ocrx_word' id='word_1_254' title='bbox 664 2002 700 2027; x_wconf 77' lang='lat' dir='ltr'>ad</span> <span class='ocrx_word' id='word_1_255' title='bbox 719 2002 834 2028; x_wconf 89' lang='lat' dir='ltr'><strong>domum</strong></span> <span class='ocrx_word' id='word_1_256' title='bbox 855 2003 964 2028; x_wconf 75' lang='lat' dir='ltr'>NannIs</span> <span class='ocrx_word' id='word_1_257' title='bbox 988 2003 1023 2028; x_wconf 89' lang='lat' dir='ltr'>de</span> <span class='ocrx_word' id='word_1_258' title='bbox 1042 2002 1132 2028; x_wconf 73' lang='lat' dir='ltr'>Goza-</span> 
     </span>
     <span class='ocr_line' id='line_1_33' title="bbox 239 2046 1134 2083; baseline 0.006 -12"><span class='ocrx_word' id='word_1_259' title='bbox 239 2046 312 2072; x_wconf 76' lang='lat' dir='ltr'>dinis</span> <span class='ocrx_word' id='word_1_260' title='bbox 334 2048 479 2074; x_wconf 68' lang='lat' dir='ltr'>traxerant</span> <span class='ocrx_word' id='word_1_261' title='bbox 502 2050 608 2082; x_wconf 83' lang='lat' dir='ltr'><strong>gentes,</strong></span> <span class='ocrx_word' id='word_1_262' title='bbox 634 2051 772 2076; x_wconf 85' lang='lat' dir='ltr'>miserunt</span> <span class='ocrx_word' id='word_1_263' title='bbox 797 2051 916 2076; x_wconf 87' lang='lat' dir='ltr'>dicendo</span> <span class='ocrx_word' id='word_1_264' title='bbox 939 2052 1034 2076; x_wconf 79' lang='lat' dir='ltr'>Nanni</span> <span class='ocrx_word' id='word_1_265' title='bbox 1059 2049 1134 2083; x_wconf 87' lang='lat' dir='ltr'>quod</span> 
     </span>
     <span class='ocr_line' id='line_1_34' title="bbox 239 2093 1132 2131; baseline 0.006 -11"><span class='ocrx_word' id='word_1_266' title='bbox 239 2093 348 2121; x_wconf 80' lang='lat' dir='ltr'>veniret</span> <span class='ocrx_word' id='word_1_267' title='bbox 374 2096 410 2122; x_wconf 69' lang='lat' dir='ltr'>nd</span> <span class='ocrx_word' id='word_1_268' title='bbox 430 2097 561 2130; x_wconf 71' lang='lat' dir='ltr'><strong>plateam,</strong></span> <span class='ocrx_word' id='word_1_269' title='bbox 586 2098 634 2123; x_wconf 83' lang='lat' dir='ltr'>sed</span> <span class='ocrx_word' id='word_1_270' title='bbox 657 2100 718 2131; x_wconf 83' lang='lat' dir='ltr'><strong>lpse</strong></span> <span class='ocrx_word' id='word_1_271' title='bbox 742 2107 800 2124; x_wconf 90' lang='lat' dir='ltr'>non</span> <span class='ocrx_word' id='word_1_272' title='bbox 834 2101 895 2125; x_wconf 86' lang='lat' dir='ltr'><strong>erat</strong></span> <span class='ocrx_word' id='word_1_273' title='bbox 919 2107 1004 2125; x_wconf 79' lang='lat' dir='ltr'>ausus</span> <span class='ocrx_word' id='word_1_274' title='bbox 1029 2100 1132 2131; x_wconf 56' lang='lat' dir='ltr'>venne,</span> 
     </span>
     <span class='ocr_line' id='line_1_35' title="bbox 239 2145 1133 2181; baseline 0.006 -12"><span class='ocrx_word' id='word_1_275' title='bbox 239 2145 304 2176; x_wconf 75' lang='lat' dir='ltr'>quin</span> <span class='ocrx_word' id='word_1_276' title='bbox 315 2151 381 2177; x_wconf 80' lang='lat' dir='ltr'>pars</span> <span class='ocrx_word' id='word_1_277' title='bbox 391 2145 500 2171; x_wconf 73' lang='lat' dir='ltr'>domIni</span> <span class='ocrx_word' id='word_1_278' title='bbox 512 2145 610 2173; x_wconf 79' lang='lat' dir='ltr'>Caroli</span> <span class='ocrx_word' id='word_1_279' title='bbox 621 2147 680 2181; x_wconf 76' lang='lat' dir='ltr'>jam</span> <span class='ocrx_word' id='word_1_280' title='bbox 691 2149 839 2180; x_wconf 77' lang='lat' dir='ltr'><strong>acceperat</strong></span> <span class='ocrx_word' id='word_1_281' title='bbox 850 2149 981 2181; x_wconf 76' lang='lat' dir='ltr'><strong>plateam.</strong></span> <span class='ocrx_word' id='word_1_282' title='bbox 1001 2148 1055 2174; x_wconf 88' lang='lat' dir='ltr'><strong>Sed</strong></span> <span class='ocrx_word' id='word_1_283' title='bbox 1073 2149 1133 2174; x_wconf 76' lang='lat' dir='ltr'>Ma-</span> 
     </span>
     <span class='ocr_line' id='line_1_36' title="bbox 240 2192 1134 2233; baseline 0.007 -16"><span class='ocrx_word' id='word_1_284' title='bbox 240 2192 320 2218; x_wconf 78' lang='lat' dir='ltr'><strong>theus</strong></span> <span class='ocrx_word' id='word_1_285' title='bbox 332 2193 366 2218; x_wconf 90' lang='lat' dir='ltr'>de</span> <span class='ocrx_word' id='word_1_286' title='bbox 377 2193 558 2226; x_wconf 80' lang='lat' dir='ltr'>Griffonibus,</span> <span class='ocrx_word' id='word_1_287' title='bbox 570 2194 775 2233; x_wconf 67' lang='lat' dir='ltr'>confalonerius</span> <span class='ocrx_word' id='word_1_288' title='bbox 788 2197 924 2228; x_wconf 76' lang='lat' dir='ltr'>iustitiae,</span> <span class='ocrx_word' id='word_1_289' title='bbox 936 2198 1051 2230; x_wconf 83' lang='lat' dir='ltr'>rogatus</span> <span class='ocrx_word' id='word_1_290' title='bbox 1060 2205 1077 2223; x_wconf 71' lang='lat' dir='ltr'><strong>a</strong></span> <span class='ocrx_word' id='word_1_291' title='bbox 1086 2197 1134 2222; x_wconf 87' lang='lat' dir='ltr'>do-</span> 
     </span>
     <span class='ocr_line' id='line_1_37' title="bbox 241 2241 1134 2278; baseline 0.007 -12"><span class='ocrx_word' id='word_1_292' title='bbox 241 2242 318 2266; x_wconf 88' lang='lat' dir='ltr'>mino</span> <span class='ocrx_word' id='word_1_293' title='bbox 331 2241 452 2268; x_wconf 63' lang='lat' dir='ltr'><strong>chax-010</strong></span> <span class='ocrx_word' id='word_1_294' title='bbox 464 2242 498 2269; x_wconf 92' lang='lat' dir='ltr'>de</span> <span class='ocrx_word' id='word_1_295' title='bbox 510 2243 697 2270; x_wconf 67' lang='lat' dir='ltr'>anbecariis</span> <span class='ocrx_word' id='word_1_296' title='bbox 714 2246 744 2271; x_wconf 91' lang='lat' dir='ltr'>et</span> <span class='ocrx_word' id='word_1_297' title='bbox 752 2245 856 2278; x_wconf 78' lang='lat' dir='ltr'>Jacobo</span> <span class='ocrx_word' id='word_1_298' title='bbox 869 2246 904 2271; x_wconf 87' lang='lat' dir='ltr'>de</span> <span class='ocrx_word' id='word_1_299' title='bbox 917 2245 1092 2272; x_wconf 80' lang='lat' dir='ltr'>Griffonibus</span> <span class='ocrx_word' id='word_1_300' title='bbox 1105 2247 1134 2271; x_wconf 86' lang='lat' dir='ltr'>et</span> 
     </span>
     <span class='ocr_line' id='line_1_38' title="bbox 241 2290 1136 2327; baseline 0.006 -12"><span class='ocrx_word' id='word_1_301' title='bbox 241 2290 372 2316; x_wconf 82' lang='lat' dir='ltr'>omnibus</span> <span class='ocrx_word' id='word_1_302' title='bbox 379 2291 442 2317; x_wconf 68' lang='lat' dir='ltr'>aliis</span> <span class='ocrx_word' id='word_1_303' title='bbox 451 2293 669 2326; x_wconf 73' lang='lat' dir='ltr'>magistratibus,</span> <span class='ocrx_word' id='word_1_304' title='bbox 682 2294 736 2319; x_wconf 76' lang='lat' dir='ltr'>ivit</span> <span class='ocrx_word' id='word_1_305' title='bbox 748 2294 813 2327; x_wconf 75' lang='lat' dir='ltr'>ipsa</span> <span class='ocrx_word' id='word_1_306' title='bbox 823 2296 906 2320; x_wconf 89' lang='lat' dir='ltr'>nocte</span> <span class='ocrx_word' id='word_1_307' title='bbox 919 2294 954 2320; x_wconf 81' lang='lat' dir='ltr'>ad</span> <span class='ocrx_word' id='word_1_308' title='bbox 966 2295 1081 2320; x_wconf 89' lang='lat' dir='ltr'><strong>domum</strong></span> <span class='ocrx_word' id='word_1_309' title='bbox 1094 2294 1136 2320; x_wconf 91' lang='lat' dir='ltr'>di-</span> 
     </span>
     <span class='ocr_line' id='line_1_39' title="bbox 241 2338 1135 2376; baseline 0.006 -12"><span class='ocrx_word' id='word_1_310' title='bbox 241 2338 281 2364; x_wconf 82' lang='lat' dir='ltr'>eti</span> <span class='ocrx_word' id='word_1_311' title='bbox 293 2339 402 2365; x_wconf 72' lang='lat' dir='ltr'>Nnnnis</span> <span class='ocrx_word' id='word_1_312' title='bbox 412 2340 441 2365; x_wconf 86' lang='lat' dir='ltr'>et</span> <span class='ocrx_word' id='word_1_313' title='bbox 450 2340 526 2366; x_wconf 83' lang='lat' dir='ltr'>dixit</span> <span class='ocrx_word' id='word_1_314' title='bbox 535 2341 589 2366; x_wconf 78' lang='lat' dir='ltr'>sibi</span> <span class='ocrx_word' id='word_1_315' title='bbox 601 2341 676 2374; x_wconf 87' lang='lat' dir='ltr'>quod</span> <span class='ocrx_word' id='word_1_316' title='bbox 689 2344 799 2368; x_wconf 82' lang='lat' dir='ltr'>veniret</span> <span class='ocrx_word' id='word_1_317' title='bbox 808 2351 903 2369; x_wconf 82' lang='lat' dir='ltr'><strong>secure</strong></span> <span class='ocrx_word' id='word_1_318' title='bbox 913 2344 950 2369; x_wconf 77' lang='lat' dir='ltr'>nd</span> <span class='ocrx_word' id='word_1_319' title='bbox 958 2344 1095 2376; x_wconf 75' lang='lat' dir='ltr'>palatium</span> <span class='ocrx_word' id='word_1_320' title='bbox 1106 2344 1135 2369; x_wconf 86' lang='lat' dir='ltr'>et</span> 
     </span>
     <span class='ocr_line' id='line_1_40' title="bbox 241 2388 1134 2425; baseline 0.007 -13"><span class='ocrx_word' id='word_1_321' title='bbox 241 2388 316 2419; x_wconf 87' lang='lat' dir='ltr'>quod</span> <span class='ocrx_word' id='word_1_322' title='bbox 334 2395 391 2413; x_wconf 91' lang='lat' dir='ltr'>non</span> <span class='ocrx_word' id='word_1_323' title='bbox 408 2389 519 2414; x_wconf 84' lang='lat' dir='ltr'><strong>timeret</strong></span> <span class='ocrx_word' id='word_1_324' title='bbox 536 2389 569 2415; x_wconf 89' lang='lat' dir='ltr'>de</span> <span class='ocrx_word' id='word_1_325' title='bbox 587 2390 689 2424; x_wconf 74' lang='lat' dir='ltr'>nilque,</span> <span class='ocrx_word' id='word_1_326' title='bbox 703 2392 770 2424; x_wconf 82' lang='lat' dir='ltr'>quia</span> <span class='ocrx_word' id='word_1_327' title='bbox 787 2392 852 2425; x_wconf 77' lang='lat' dir='ltr'>quIs</span> <span class='ocrx_word' id='word_1_328' title='bbox 864 2392 1016 2417; x_wconf 85' lang='lat' dir='ltr'><strong>offenderet</strong></span> <span class='ocrx_word' id='word_1_329' title='bbox 1028 2393 1134 2423; x_wconf 82' lang='lat' dir='ltr'>Nanni,</span> 
     </span>
     <span class='ocr_line' id='line_1_41' title="bbox 242 2435 1136 2473; baseline 0.008 -13"><span class='ocrx_word' id='word_1_330' title='bbox 242 2435 395 2462; x_wconf 75' lang='lat' dir='ltr'><strong>offenderet</strong></span> <span class='ocrx_word' id='word_1_331' title='bbox 410 2438 473 2470; x_wconf 83' lang='lat' dir='ltr'>ipso</span> <span class='ocrx_word' id='word_1_332' title='bbox 500 2438 642 2471; x_wconf 73' lang='lat' dir='ltr'><strong>Mathaeo3</strong></span> <span class='ocrx_word' id='word_1_333' title='bbox 661 2441 691 2465; x_wconf 86' lang='lat' dir='ltr'>et</span> <span class='ocrx_word' id='word_1_334' title='bbox 707 2440 798 2466; x_wconf 85' lang='lat' dir='ltr'>dictus</span> <span class='ocrx_word' id='word_1_335' title='bbox 815 2442 939 2473; x_wconf 82' lang='lat' dir='ltr'>Nannes,</span> <span class='ocrx_word' id='word_1_336' title='bbox 961 2441 1065 2466; x_wconf 86' lang='lat' dir='ltr'>timens</span> <span class='ocrx_word' id='word_1_337' title='bbox 1090 2449 1136 2467; x_wconf 89' lang='lat' dir='ltr'>ex-</span> 
     </span>
     <span class='ocr_line' id='line_1_42' title="bbox 242 2484 1135 2521; baseline 0.008 -12"><span class='ocrx_word' id='word_1_338' title='bbox 242 2484 307 2515; x_wconf 86' lang='lat' dir='ltr'><strong>pelli</strong></span> <span class='ocrx_word' id='word_1_339' title='bbox 324 2485 358 2510; x_wconf 90' lang='lat' dir='ltr'>de</span> <span class='ocrx_word' id='word_1_340' title='bbox 375 2486 510 2519; x_wconf 79' lang='lat' dir='ltr'>Bononia,</span> <span class='ocrx_word' id='word_1_341' title='bbox 527 2487 581 2512; x_wconf 86' lang='lat' dir='ltr'>ivit</span> <span class='ocrx_word' id='word_1_342' title='bbox 598 2488 634 2513; x_wconf 76' lang='lat' dir='ltr'>ad</span> <span class='ocrx_word' id='word_1_343' title='bbox 651 2489 789 2521; x_wconf 75' lang='lat' dir='ltr'>palatium</span> <span class='ocrx_word' id='word_1_344' title='bbox 812 2497 875 2515; x_wconf 89' lang='lat' dir='ltr'>cum</span> <span class='ocrx_word' id='word_1_345' title='bbox 892 2490 966 2516; x_wconf 87' lang='lat' dir='ltr'>dicto</span> <span class='ocrx_word' id='word_1_346' title='bbox 992 2490 1135 2516; x_wconf 77' lang='lat' dir='ltr'><strong>Mathaeo.</strong></span> 
     </span>
     <span class='ocr_line' id='line_1_43' title="bbox 243 2531 1137 2569; baseline 0.006 -11"><span class='ocrx_word' id='word_1_347' title='bbox 243 2531 302 2562; x_wconf 86' lang='lat' dir='ltr'>Qui</span> <span class='ocrx_word' id='word_1_348' title='bbox 319 2534 464 2560; x_wconf 71' lang='lat' dir='ltr'><strong>Mat-Imeus</strong></span> <span class='ocrx_word' id='word_1_349' title='bbox 482 2536 561 2561; x_wconf 84' lang='lat' dir='ltr'>duxit</span> <span class='ocrx_word' id='word_1_350' title='bbox 578 2537 671 2569; x_wconf 75' lang='lat' dir='ltr'>ipsum</span> <span class='ocrx_word' id='word_1_351' title='bbox 692 2545 784 2563; x_wconf 85' lang='lat' dir='ltr'><strong>secum</strong></span> <span class='ocrx_word' id='word_1_352' title='bbox 809 2540 837 2563; x_wconf 88' lang='lat' dir='ltr'>et</span> <span class='ocrx_word' id='word_1_353' title='bbox 860 2538 929 2564; x_wconf 77' lang='lat' dir='ltr'>fecit</span> <span class='ocrx_word' id='word_1_354' title='bbox 953 2539 1009 2565; x_wconf 86' lang='lat' dir='ltr'>sibi</span> <span class='ocrx_word' id='word_1_355' title='bbox 1033 2539 1137 2564; x_wconf 80' lang='lat' dir='ltr'>bonam</span> 
     </span>
     <span class='ocr_line' id='line_1_44' title="bbox 243 2582 1137 2616; baseline 0.007 -10"><span class='ocrx_word' id='word_1_356' title='bbox 243 2582 414 2614; x_wconf 77' lang='lat' dir='ltr'><strong>sotietatem3</strong></span> <span class='ocrx_word' id='word_1_357' title='bbox 433 2585 462 2608; x_wconf 91' lang='lat' dir='ltr'>et</span> <span class='ocrx_word' id='word_1_358' title='bbox 479 2591 553 2616; x_wconf 86' lang='lat' dir='ltr'><strong>vere,</strong></span> <span class='ocrx_word' id='word_1_359' title='bbox 571 2585 630 2611; x_wconf 86' lang='lat' dir='ltr'>nisi</span> <span class='ocrx_word' id='word_1_360' title='bbox 647 2585 747 2612; x_wconf 77' lang='lat' dir='ltr'>fuisset</span> <span class='ocrx_word' id='word_1_361' title='bbox 761 2586 853 2612; x_wconf 87' lang='lat' dir='ltr'>dictus</span> <span class='ocrx_word' id='word_1_362' title='bbox 866 2588 1012 2613; x_wconf 75' lang='lat' dir='ltr'><strong>Mathaeus</strong></span> <span class='ocrx_word' id='word_1_363' title='bbox 1024 2589 1137 2614; x_wconf 74' lang='lat' dir='ltr'>Nannes</span> 
     </span>
     <span class='ocr_line' id='line_1_45' title="bbox 243 2628 1137 2663; baseline 0.009 -8"><span class='ocrx_word' id='word_1_364' title='bbox 243 2628 341 2656; x_wconf 78' lang='lat' dir='ltr'>fuisset</span> <span class='ocrx_word' id='word_1_365' title='bbox 352 2630 423 2657; x_wconf 82' lang='lat' dir='ltr'>dicta</span> <span class='ocrx_word' id='word_1_366' title='bbox 434 2634 516 2658; x_wconf 86' lang='lat' dir='ltr'>nocte</span> <span class='ocrx_word' id='word_1_367' title='bbox 529 2636 655 2660; x_wconf 82' lang='lat' dir='ltr'>mortuus</span> <span class='ocrx_word' id='word_1_368' title='bbox 668 2636 711 2660; x_wconf 89' lang='lat' dir='ltr'>vel</span> <span class='ocrx_word' id='word_1_369' title='bbox 722 2636 885 2663; x_wconf 79' lang='lat' dir='ltr'>confinstus.</span> <span class='ocrx_word' id='word_1_370' title='bbox 922 2636 976 2662; x_wconf 91' lang='lat' dir='ltr'>Sed</span> <span class='ocrx_word' id='word_1_371' title='bbox 990 2637 1137 2662; x_wconf 75' lang='lat' dir='ltr'><strong>Mathaeus</strong></span> 
     </span>
     <span class='ocr_line' id='line_1_46' title="bbox 245 2678 1137 2720; baseline 0.009 -17"><span class='ocrx_word' id='word_1_372' title='bbox 245 2678 336 2704; x_wconf 85' lang='lat' dir='ltr'>tenuit</span> <span class='ocrx_word' id='word_1_373' title='bbox 353 2679 456 2706; x_wconf 77' lang='lat' dir='ltr'><strong>dIctum</strong></span> <span class='ocrx_word' id='word_1_374' title='bbox 468 2682 596 2707; x_wconf 79' lang='lat' dir='ltr'>Nnnnem</span> <span class='ocrx_word' id='word_1_375' title='bbox 609 2684 638 2708; x_wconf 89' lang='lat' dir='ltr'>et</span> <span class='ocrx_word' id='word_1_376' title='bbox 650 2684 799 2709; x_wconf 87' lang='lat' dir='ltr'>dominum</span> <span class='ocrx_word' id='word_1_377' title='bbox 818 2685 1002 2720; x_wconf 62' lang='lat' dir='ltr'>Goeadinum,</span> <span class='ocrx_word' id='word_1_378' title='bbox 1016 2686 1078 2711; x_wconf 84' lang='lat' dir='ltr'>eius</span> <span class='ocrx_word' id='word_1_379' title='bbox 1089 2692 1137 2710; x_wconf 88' lang='lat' dir='ltr'>ne-</span> 
     </span>
     <span class='ocr_line' id='line_1_47' title="bbox 245 2727 1138 2767; baseline 0.01 -15"><span class='ocrx_word' id='word_1_380' title='bbox 245 2727 350 2759; x_wconf 76' lang='lat' dir='ltr'><strong>potem,</strong></span> <span class='ocrx_word' id='word_1_381' title='bbox 369 2729 401 2754; x_wconf 88' lang='lat' dir='ltr'>in</span> <span class='ocrx_word' id='word_1_382' title='bbox 418 2730 521 2762; x_wconf 66' lang='lat' dir='ltr'>palutio</span> <span class='ocrx_word' id='word_1_383' title='bbox 534 2732 564 2756; x_wconf 86' lang='lat' dir='ltr'>et</span> <span class='ocrx_word' id='word_1_384' title='bbox 575 2739 728 2764; x_wconf 71' lang='lat' dir='ltr'>numquam</span> <span class='ocrx_word' id='word_1_385' title='bbox 739 2734 869 2765; x_wconf 63' lang='lat' dir='ltr'>pet-mint</span> <span class='ocrx_word' id='word_1_386' title='bbox 880 2735 957 2767; x_wconf 82' lang='lat' dir='ltr'>ipsos</span> <span class='ocrx_word' id='word_1_387' title='bbox 969 2734 1074 2760; x_wconf 79' lang='lat' dir='ltr'>offendi</span> <span class='ocrx_word' id='word_1_388' title='bbox 1088 2741 1138 2760; x_wconf 86' lang='lat' dir='ltr'>nec</span> 
     </span>
     <span class='ocr_line' id='line_1_48' title="bbox 245 2775 1137 2815; baseline 0.009 -15"><span class='ocrx_word' id='word_1_389' title='bbox 245 2775 365 2808; x_wconf 75' lang='lat' dir='ltr'><strong>aliquem</strong></span> <span class='ocrx_word' id='word_1_390' title='bbox 382 2777 466 2803; x_wconf 73' lang='lat' dir='ltr'><strong>allum</strong></span> <span class='ocrx_word' id='word_1_391' title='bbox 484 2778 518 2804; x_wconf 88' lang='lat' dir='ltr'>de</span> <span class='ocrx_word' id='word_1_392' title='bbox 537 2778 688 2806; x_wconf 76' lang='lat' dir='ltr'>Gozadinis</span> <span class='ocrx_word' id='word_1_393' title='bbox 710 2788 762 2806; x_wconf 88' lang='lat' dir='ltr'>nec</span> <span class='ocrx_word' id='word_1_394' title='bbox 786 2782 908 2815; x_wconf 76' lang='lat' dir='ltr'><strong>aliquem</strong></span> <span class='ocrx_word' id='word_1_395' title='bbox 933 2783 965 2808; x_wconf 89' lang='lat' dir='ltr'>de</span> <span class='ocrx_word' id='word_1_396' title='bbox 990 2783 1076 2808; x_wconf 91' lang='lat' dir='ltr'>domo</span> <span class='ocrx_word' id='word_1_397' title='bbox 1102 2783 1137 2807; x_wconf 88' lang='lat' dir='ltr'>de</span> 
     </span>
    </p>
   </div>
   <div class='ocr_carea' id='block_1_7' title="bbox 246 2822 1138 2902">
    <p class='ocr_par' dir='ltr' id='par_1_9' title="bbox 246 2822 1138 2902">
     <span class='ocr_line' id='line_1_49' title="bbox 247 2822 1138 2864; baseline 0.01 -16"><span class='ocrx_word' id='word_1_398' title='bbox 247 2822 403 2856; x_wconf 76' lang='lat' dir='ltr'>Chnnitulo,</span> <span class='ocrx_word' id='word_1_399' title='bbox 421 2826 472 2859; x_wconf 86' lang='lat' dir='ltr'>qui</span> <span class='ocrx_word' id='word_1_400' title='bbox 483 2826 561 2852; x_wconf 73' lang='lat' dir='ltr'><strong>valde</strong></span> <span class='ocrx_word' id='word_1_401' title='bbox 578 2828 722 2860; x_wconf 71' lang='lat' dir='ltr'>timebant,</span> <span class='ocrx_word' id='word_1_402' title='bbox 742 2829 808 2862; x_wconf 78' lang='lat' dir='ltr'>quin</span> <span class='ocrx_word' id='word_1_403' title='bbox 822 2831 904 2856; x_wconf 78' lang='lat' dir='ltr'>erant</span> <span class='ocrx_word' id='word_1_404' title='bbox 916 2832 1040 2864; x_wconf 80' lang='lat' dir='ltr'>reputati</span> <span class='ocrx_word' id='word_1_405' title='bbox 1057 2831 1138 2857; x_wconf 74' lang='lat' dir='ltr'><strong>valde</strong></span> 
     </span>
     <span class='ocr_line' id='line_1_50' title="bbox 246 2866 1138 2902; baseline 0.011 -13"><span class='ocrx_word' id='word_1_406' title='bbox 246 2866 330 2890; x_wconf 78' lang='lat' dir='ltr'>amici</span> <span class='ocrx_word' id='word_1_407' title='bbox 348 2866 563 2902; x_wconf 66' lang='lat' dir='ltr'>Goeadiuorum.</span> <span class='ocrx_word' id='word_1_408' title='bbox 598 2870 634 2895; x_wconf 87' lang='lat' dir='ltr'>Et</span> <span class='ocrx_word' id='word_1_409' title='bbox 656 2871 723 2896; x_wconf 87' lang='lat' dir='ltr'>tunc</span> <span class='ocrx_word' id='word_1_410' title='bbox 746 2872 896 2898; x_wconf 76' lang='lat' dir='ltr'>tractatum</span> <span class='ocrx_word' id='word_1_411' title='bbox 921 2873 977 2898; x_wconf 86' lang='lat' dir='ltr'>fuit</span> <span class='ocrx_word' id='word_1_412' title='bbox 993 2874 1069 2899; x_wconf 85' lang='lat' dir='ltr'>inter</span> <span class='ocrx_word' id='word_1_413' title='bbox 1091 2880 1138 2898; x_wconf 82' lang='lat' dir='ltr'>eos</span> 
     </span>
    </p>
   </div>
   <div class='ocr_carea' id='block_1_8' title="bbox 247 2914 1139 3004">
    <p class='ocr_par' dir='ltr' id='par_1_10' title="bbox 247 2914 1139 3004">
     <span class='ocr_line' id='line_1_51' title="bbox 247 2914 1138 2954; baseline 0.012 -16"><span class='ocrx_word' id='word_1_414' title='bbox 247 2914 321 2946; x_wconf 88' lang='lat' dir='ltr'>quod</span> <span class='ocrx_word' id='word_1_415' title='bbox 337 2915 494 2942; x_wconf 72' lang='lat' dir='ltr'>Bonifatius</span> <span class='ocrx_word' id='word_1_416' title='bbox 506 2917 540 2942; x_wconf 86' lang='lat' dir='ltr'>de</span> <span class='ocrx_word' id='word_1_417' title='bbox 553 2917 715 2951; x_wconf 64' lang='lat' dir='ltr'>Gozadinn,</span> <span class='ocrx_word' id='word_1_418' title='bbox 725 2918 816 2946; x_wconf 79' lang='lat' dir='ltr'><strong>frater</strong></span> <span class='ocrx_word' id='word_1_419' title='bbox 828 2921 947 2954; x_wconf 66' lang='lat' dir='ltr'>Nnnnh,</span> <span class='ocrx_word' id='word_1_420' title='bbox 960 2922 1040 2948; x_wconf 84' lang='lat' dir='ltr'><strong>dedit</strong></span> <span class='ocrx_word' id='word_1_421' title='bbox 1051 2930 1138 2949; x_wconf 79' lang='lat' dir='ltr'>unam</span> 
     </span>
     <span class='ocr_line' id='line_1_52' title="bbox 247 2963 1139 3004; baseline 0.012 -17"><span class='ocrx_word' id='word_1_422' title='bbox 247 2968 325 2988; x_wconf 72' lang='lat' dir='ltr'>suam</span> <span class='ocrx_word' id='word_1_423' title='bbox 333 2963 416 2990; x_wconf 75' lang='lat' dir='ltr'>finam</span> <span class='ocrx_word' id='word_1_424' title='bbox 425 2964 597 2992; x_wconf 72' lang='lat' dir='ltr'><strong>domicellam</strong></span> <span class='ocrx_word' id='word_1_425' title='bbox 603 2966 727 2999; x_wconf 79' lang='lat' dir='ltr'>johanni</span> <span class='ocrx_word' id='word_1_426' title='bbox 736 2968 769 2994; x_wconf 89' lang='lat' dir='ltr'>de</span> <span class='ocrx_word' id='word_1_427' title='bbox 779 2969 965 3004; x_wconf 76' lang='lat' dir='ltr'>Griffonibus,</span> <span class='ocrx_word' id='word_1_428' title='bbox 976 2971 1033 2997; x_wconf 83' lang='lat' dir='ltr'>filio</span> <span class='ocrx_word' id='word_1_429' title='bbox 1040 2971 1139 3004; x_wconf 73' lang='lat' dir='ltr'>jacobi</span> 
     </span>
    </p>
   </div>
   <div class='ocr_carea' id='block_1_9' title="bbox 1182 1013 2091 3006">
    <p class='ocr_par' dir='ltr' id='par_1_11' title="bbox 1442 1013 1829 1094">
     <span class='ocr_line' id='line_1_53' title="bbox 1463 1013 1801 1048; baseline 0.006 -2"><span class='ocrx_word' id='word_1_430' title='bbox 1463 1013 1587 1047; x_wconf 76' lang='lat' dir='ltr'>TEs‘ro</span> <span class='ocrx_word' id='word_1_431' title='bbox 1609 1013 1801 1048; x_wconf 62' lang='lat' dir='ltr'>Vumxro.</span> 
     </span>
     <span class='ocr_line' id='line_1_54' title="bbox 1442 1065 1829 1094; baseline 0.005 -8"><span class='ocrx_word' id='word_1_432' title='bbox 1442 1065 1514 1092; x_wconf 84' lang='lat' dir='ltr'>(Bibl.</span> <span class='ocrx_word' id='word_1_433' title='bbox 1529 1065 1614 1091; x_wconf 79' lang='lat' dir='ltr'>Univ..</span> <span class='ocrx_word' id='word_1_434' title='bbox 1627 1072 1670 1088; x_wconf 80' lang='lat' dir='ltr'>ms.</span> <span class='ocrx_word' id='word_1_435' title='bbox 1686 1066 1734 1091; x_wconf 79' lang='lat'>⁴³1.</span> <span class='ocrx_word' id='word_1_436' title='bbox 1751 1066 1782 1087; x_wconf 76' lang='lat' dir='ltr'>ad</span> <span class='ocrx_word' id='word_1_437' title='bbox 1795 1066 1829 1094; x_wconf 68' lang='lat' dir='ltr'>a.)</span> 
     </span>
    </p>

    <p class='ocr_par' dir='ltr' id='par_1_12' title="bbox 1182 1121 2091 3006">
     <span class='ocr_line' id='line_1_55' title="bbox 1270 1121 2085 1150; baseline 0.005 -4"><span class='ocrx_word' id='word_1_438' title='bbox 1270 1122 1357 1147; x_wconf 87' lang='lat' dir='ltr'>Anno</span> <span class='ocrx_word' id='word_1_439' title='bbox 1376 1121 1490 1147; x_wconf 87' lang='lat' dir='ltr'>Christi</span> <span class='ocrx_word' id='word_1_440' title='bbox 1501 1121 1712 1148; x_wconf 83' lang='lat' dir='ltr'><strong>MCCClxxxx8</strong></span> <span class='ocrx_word' id='word_1_441' title='bbox 1725 1130 1742 1148; x_wconf 81' lang='lat' dir='ltr'>n</span> <span class='ocrx_word' id='word_1_442' title='bbox 1754 1123 1784 1149; x_wconf 90' lang='lat' dir='ltr'>di</span> <span class='ocrx_word' id='word_1_443' title='bbox 1796 1123 1838 1148; x_wconf 85' lang='lat' dir='ltr'>sei</span> <span class='ocrx_word' id='word_1_444' title='bbox 1850 1123 1885 1148; x_wconf 91' lang='lat' dir='ltr'>de</span> <span class='ocrx_word' id='word_1_445' title='bbox 1897 1131 1976 1150; x_wconf 72' lang='lat' dir='ltr'><strong>mezo</strong></span> <span class='ocrx_word' id='word_1_446' title='bbox 1988 1124 2085 1150; x_wconf 76' lang='lat' dir='ltr'>inanzi</span> 
     </span>
     <span class='ocr_line' id='line_1_56' title="bbox 1182 1169 2085 1199; baseline 0.004 -5"><span class='ocrx_word' id='word_1_447' title='bbox 1182 1169 1234 1195; x_wconf 92' lang='lat' dir='ltr'>doe</span> <span class='ocrx_word' id='word_1_448' title='bbox 1250 1170 1319 1195; x_wconf 88' lang='lat' dir='ltr'><strong>hore</strong></span> <span class='ocrx_word' id='word_1_449' title='bbox 1337 1170 1371 1195; x_wconf 86' lang='lat' dir='ltr'>de</span> <span class='ocrx_word' id='word_1_450' title='bbox 1389 1172 1470 1196; x_wconf 86' lang='lat' dir='ltr'>notte</span> <span class='ocrx_word' id='word_1_451' title='bbox 1489 1171 1590 1196; x_wconf 74' lang='lat' dir='ltr'>misser</span> <span class='ocrx_word' id='word_1_452' title='bbox 1608 1171 1710 1197; x_wconf 74' lang='lat' dir='ltr'>Chario</span> <span class='ocrx_word' id='word_1_453' title='bbox 1728 1171 1761 1197; x_wconf 90' lang='lat' dir='ltr'>de</span> <span class='ocrx_word' id='word_1_454' title='bbox 1772 1172 1956 1198; x_wconf 74' lang='lat' dir='ltr'><strong>Zambechnrl</strong></span> <span class='ocrx_word' id='word_1_455' title='bbox 1973 1172 2085 1199; x_wconf 82' lang='lat' dir='ltr'>dottore</span> 
     </span>
     <span class='ocr_line' id='line_1_57' title="bbox 1183 1218 2086 1254; baseline 0.004 -11"><span class='ocrx_word' id='word_1_456' title='bbox 1183 1218 1216 1243; x_wconf 90' lang='lat' dir='ltr'>de</span> <span class='ocrx_word' id='word_1_457' title='bbox 1242 1219 1323 1244; x_wconf 88' lang='lat' dir='ltr'><strong>llezze</strong></span> <span class='ocrx_word' id='word_1_458' title='bbox 1352 1221 1380 1244; x_wconf 87' lang='lat' dir='ltr'>et</span> <span class='ocrx_word' id='word_1_459' title='bbox 1408 1219 1521 1244; x_wconf 82' lang='lat' dir='ltr'>Iacomo</span> <span class='ocrx_word' id='word_1_460' title='bbox 1551 1219 1681 1245; x_wconf 86' lang='lat' dir='ltr'>Griffone</span> <span class='ocrx_word' id='word_1_461' title='bbox 1711 1228 1774 1246; x_wconf 90' lang='lat' dir='ltr'>cum</span> <span class='ocrx_word' id='word_1_462' title='bbox 1793 1220 1876 1246; x_wconf 87' lang='lat' dir='ltr'>molti</span> <span class='ocrx_word' id='word_1_463' title='bbox 1893 1221 1955 1246; x_wconf 90' lang='lat' dir='ltr'>loro</span> <span class='ocrx_word' id='word_1_464' title='bbox 1973 1221 2086 1254; x_wconf 71' lang='lat' dir='ltr'>sequaci</span> 
     </span>
     <span class='ocr_line' id='line_1_58' title="bbox 1184 1268 2086 1296; baseline 0.003 -3"><span class='ocrx_word' id='word_1_465' title='bbox 1184 1268 1296 1293; x_wconf 85' lang='lat' dir='ltr'>sentino</span> <span class='ocrx_word' id='word_1_466' title='bbox 1315 1268 1365 1294; x_wconf 88' lang='lat' dir='ltr'>che</span> <span class='ocrx_word' id='word_1_467' title='bbox 1383 1269 1462 1294; x_wconf 81' lang='lat' dir='ltr'><strong>Naue</strong></span> <span class='ocrx_word' id='word_1_468' title='bbox 1481 1268 1626 1293; x_wconf 80' lang='lat' dir='ltr'>Gozadino</span> <span class='ocrx_word' id='word_1_469' title='bbox 1645 1276 1707 1294; x_wconf 91' lang='lat' dir='ltr'>cum</span> <span class='ocrx_word' id='word_1_470' title='bbox 1726 1269 1808 1295; x_wconf 88' lang='lat' dir='ltr'>multi</span> <span class='ocrx_word' id='word_1_471' title='bbox 1826 1269 1859 1295; x_wconf 85' lang='lat' dir='ltr'>de</span> <span class='ocrx_word' id='word_1_472' title='bbox 1877 1277 1926 1295; x_wconf 83' lang='lat' dir='ltr'>soa</span> <span class='ocrx_word' id='word_1_473' title='bbox 1943 1271 2017 1296; x_wconf 72' lang='lat' dir='ltr'><strong>setta</strong></span> <span class='ocrx_word' id='word_1_474' title='bbox 2037 1277 2086 1295; x_wconf 87' lang='lat' dir='ltr'>vo-</span> 
     </span>
     <span class='ocr_line' id='line_1_59' title="bbox 1185 1315 2088 1352; baseline 0.004 -11"><span class='ocrx_word' id='word_1_475' title='bbox 1185 1315 1276 1342; x_wconf 84' lang='lat' dir='ltr'><strong>levam</strong></span> <span class='ocrx_word' id='word_1_476' title='bbox 1296 1316 1355 1342; x_wconf 81' lang='lat' dir='ltr'><strong>fare</strong></span> <span class='ocrx_word' id='word_1_477' title='bbox 1373 1318 1572 1350; x_wconf 83' lang='lat' dir='ltr'>guarnimento</span> <span class='ocrx_word' id='word_1_478' title='bbox 1590 1319 1617 1342; x_wconf 87' lang='lat' dir='ltr'>et</span> <span class='ocrx_word' id='word_1_479' title='bbox 1634 1319 1744 1343; x_wconf 74' lang='lat' dir='ltr'>armata</span> <span class='ocrx_word' id='word_1_480' title='bbox 1763 1326 1815 1351; x_wconf 87' lang='lat' dir='ltr'>per</span> <span class='ocrx_word' id='word_1_481' title='bbox 1838 1318 1942 1352; x_wconf 86' lang='lat' dir='ltr'><strong>depore</strong></span> <span class='ocrx_word' id='word_1_482' title='bbox 1957 1319 2020 1345; x_wconf 83' lang='lat' dir='ltr'>loro</span> <span class='ocrx_word' id='word_1_483' title='bbox 2043 1318 2088 1344; x_wconf 84' lang='lat' dir='ltr'>del</span> 
     </span>
     <span class='ocr_line' id='line_1_60' title="bbox 1183 1366 2087 1400; baseline 0.001 -9"><span class='ocrx_word' id='word_1_484' title='bbox 1183 1372 1235 1390; x_wconf 84' lang='lat' dir='ltr'>suo</span> <span class='ocrx_word' id='word_1_485' title='bbox 1254 1366 1346 1397; x_wconf 80' lang='lat' dir='ltr'>stato3</span> <span class='ocrx_word' id='word_1_486' title='bbox 1366 1368 1395 1391; x_wconf 90' lang='lat' dir='ltr'>et</span> <span class='ocrx_word' id='word_1_487' title='bbox 1412 1366 1553 1391; x_wconf 73' lang='lat' dir='ltr'>hnviando</span> <span class='ocrx_word' id='word_1_488' title='bbox 1573 1367 1686 1392; x_wconf 84' lang='lat' dir='ltr'>costoro</span> <span class='ocrx_word' id='word_1_489' title='bbox 1703 1367 1818 1393; x_wconf 78' lang='lat' dir='ltr'>audatia</span> <span class='ocrx_word' id='word_1_490' title='bbox 1834 1374 1886 1400; x_wconf 87' lang='lat' dir='ltr'>per</span> <span class='ocrx_word' id='word_1_491' title='bbox 1903 1367 1954 1393; x_wconf 84' lang='lat' dir='ltr'>che</span> <span class='ocrx_word' id='word_1_492' title='bbox 1978 1367 2087 1394; x_wconf 71' lang='lat' dir='ltr'>Mathia</span> 
     </span>
     <span class='ocr_line' id='line_1_61' title="bbox 1184 1413 2086 1448; baseline 0.003 -9"><span class='ocrx_word' id='word_1_493' title='bbox 1184 1413 1313 1440; x_wconf 83' lang='lat' dir='ltr'>Griffone</span> <span class='ocrx_word' id='word_1_494' title='bbox 1322 1414 1414 1440; x_wconf 78' lang='lat' dir='ltr'><strong>ch&#39;ers.</strong></span> <span class='ocrx_word' id='word_1_495' title='bbox 1424 1415 1493 1440; x_wconf 79' lang='lat' dir='ltr'><strong>della</strong></span> <span class='ocrx_word' id='word_1_496' title='bbox 1502 1422 1552 1441; x_wconf 78' lang='lat' dir='ltr'>soa</span> <span class='ocrx_word' id='word_1_497' title='bbox 1563 1416 1637 1441; x_wconf 83' lang='lat' dir='ltr'><strong>setta</strong></span> <span class='ocrx_word' id='word_1_498' title='bbox 1648 1422 1696 1441; x_wconf 83' lang='lat' dir='ltr'>era</span> <span class='ocrx_word' id='word_1_499' title='bbox 1708 1415 1902 1441; x_wconf 74' lang='lat' dir='ltr'>confaloniero</span> <span class='ocrx_word' id='word_1_500' title='bbox 1915 1417 1949 1442; x_wconf 87' lang='lat' dir='ltr'>de</span> <span class='ocrx_word' id='word_1_501' title='bbox 1961 1416 2086 1448; x_wconf 72' lang='lat' dir='ltr'>zustizia,</span> 
     </span>
     <span class='ocr_line' id='line_1_62' title="bbox 1183 1464 2086 1498; baseline 0.004 -11"><span class='ocrx_word' id='word_1_502' title='bbox 1183 1470 1301 1488; x_wconf 87' lang='lat' dir='ltr'>corseno</span> <span class='ocrx_word' id='word_1_503' title='bbox 1320 1464 1375 1489; x_wconf 81' lang='lat' dir='ltr'><strong>alla</strong></span> <span class='ocrx_word' id='word_1_504' title='bbox 1392 1465 1489 1497; x_wconf 77' lang='lat' dir='ltr'>plazza</span> <span class='ocrx_word' id='word_1_505' title='bbox 1506 1465 1609 1490; x_wconf 78' lang='lat' dir='ltr'>armati</span> <span class='ocrx_word' id='word_1_506' title='bbox 1628 1466 1657 1490; x_wconf 87' lang='lat' dir='ltr'>et</span> <span class='ocrx_word' id='word_1_507' title='bbox 1675 1472 1738 1489; x_wconf 88' lang='lat' dir='ltr'>cum</span> <span class='ocrx_word' id='word_1_508' title='bbox 1751 1464 1894 1491; x_wconf 66' lang='lat' dir='ltr'>confsiuni</span> <span class='ocrx_word' id='word_1_509' title='bbox 1905 1472 1970 1491; x_wconf 85' lang='lat' dir='ltr'>cum</span> <span class='ocrx_word' id='word_1_510' title='bbox 1981 1464 2086 1498; x_wconf 77' lang='lat' dir='ltr'>gra-nde</span> 
     </span>
     <span class='ocr_line' id='line_1_63' title="bbox 1182 1512 2087 1547; baseline 0.002 -10"><span class='ocrx_word' id='word_1_511' title='bbox 1182 1512 1295 1545; x_wconf 77' lang='lat' dir='ltr'>brignta</span> <span class='ocrx_word' id='word_1_512' title='bbox 1312 1513 1464 1546; x_wconf 79' lang='lat' dir='ltr'>gridsndo:</span> <span class='ocrx_word' id='word_1_513' title='bbox 1478 1515 1543 1539; x_wconf 84' lang='lat' dir='ltr'>vivs.</span> <span class='ocrx_word' id='word_1_514' title='bbox 1556 1514 1580 1539; x_wconf 89' lang='lat' dir='ltr'>el</span> <span class='ocrx_word' id='word_1_515' title='bbox 1593 1513 1699 1547; x_wconf 90' lang='lat' dir='ltr'>popolo</span> <span class='ocrx_word' id='word_1_516' title='bbox 1717 1515 1745 1539; x_wconf 89' lang='lat' dir='ltr'>et</span> <span class='ocrx_word' id='word_1_517' title='bbox 1763 1521 1843 1540; x_wconf 78' lang='lat' dir='ltr'>mora</span> <span class='ocrx_word' id='word_1_518' title='bbox 1861 1515 1883 1540; x_wconf 85' lang='lat' dir='ltr'>li</span> <span class='ocrx_word' id='word_1_519' title='bbox 1899 1514 2047 1545; x_wconf 60' lang='lat' dir='ltr'>traffiturh</span> <span class='ocrx_word' id='word_1_520' title='bbox 2058 1514 2087 1539; x_wconf 71' lang='lat' dir='ltr'>et</span> 
     </span>
     <span class='ocr_line' id='line_1_64' title="bbox 1184 1561 2086 1596; baseline 0.003 -10"><span class='ocrx_word' id='word_1_521' title='bbox 1184 1562 1209 1586; x_wconf 87' lang='lat' dir='ltr'>si</span> <span class='ocrx_word' id='word_1_522' title='bbox 1228 1569 1257 1587; x_wconf 90' lang='lat' dir='ltr'>se</span> <span class='ocrx_word' id='word_1_523' title='bbox 1276 1561 1364 1587; x_wconf 81' lang='lat' dir='ltr'>fenno</span> <span class='ocrx_word' id='word_1_524' title='bbox 1384 1562 1448 1587; x_wconf 81' lang='lat' dir='ltr'><strong>dare</strong></span> <span class='ocrx_word' id='word_1_525' title='bbox 1466 1563 1488 1588; x_wconf 91' lang='grc'>11</span> <span class='ocrx_word' id='word_1_526' title='bbox 1505 1562 1572 1588; x_wconf 88' lang='lat' dir='ltr'>libri</span> <span class='ocrx_word' id='word_1_527' title='bbox 1591 1563 1625 1588; x_wconf 84' lang='lat' dir='ltr'>de</span> <span class='ocrx_word' id='word_1_528' title='bbox 1637 1563 1677 1596; x_wconf 84' lang='lat' dir='ltr'>gu</span> <span class='ocrx_word' id='word_1_529' title='bbox 1689 1564 1784 1588; x_wconf 88' lang='lat' dir='ltr'>estimi</span> <span class='ocrx_word' id='word_1_530' title='bbox 1798 1564 1871 1589; x_wconf 90' lang='lat' dir='ltr'><strong>dove</strong></span> <span class='ocrx_word' id='word_1_531' title='bbox 1884 1571 1970 1589; x_wconf 76' lang='lat' dir='ltr'>erano</span> <span class='ocrx_word' id='word_1_532' title='bbox 1983 1563 2086 1596; x_wconf 71' lang='lat' dir='ltr'>mipte</span> 
     </span>
     <span class='ocr_line' id='line_1_65' title="bbox 1183 1598 2086 1644; baseline 0.002 -9"><span class='ocrx_word' id='word_1_533' title='bbox 1183 1611 1260 1636; x_wconf 86' lang='lat' dir='ltr'><strong>certe</strong></span> <span class='ocrx_word' id='word_1_534' title='bbox 1272 1598 1444 1644; x_wconf 49' lang='lat' dir='ltr'>&#39;provisione</span> <span class='ocrx_word' id='word_1_535' title='bbox 1464 1611 1536 1636; x_wconf 82' lang='lat' dir='ltr'><strong>facte</strong></span> <span class='ocrx_word' id='word_1_536' title='bbox 1555 1618 1604 1643; x_wconf 89' lang='lat' dir='ltr'>per</span> <span class='ocrx_word' id='word_1_537' title='bbox 1623 1613 1724 1637; x_wconf 85' lang='lat' dir='ltr'>Nanne</span> <span class='ocrx_word' id='word_1_538' title='bbox 1744 1612 1890 1638; x_wconf 80' lang='lat' dir='ltr'>Gozadino</span> <span class='ocrx_word' id='word_1_539' title='bbox 1910 1614 1940 1638; x_wconf 84' lang='lat' dir='ltr'>et</span> <span class='ocrx_word' id='word_1_540' title='bbox 1952 1612 2086 1639; x_wconf 69' lang='lat' dir='ltr'>Zohnnne</span> 
     </span>
     <span class='ocr_line' id='line_1_66' title="bbox 1183 1657 2089 1692; baseline 0.003 -9"><span class='ocrx_word' id='word_1_541' title='bbox 1183 1657 1217 1683; x_wconf 83' lang='lat' dir='ltr'>de</span> <span class='ocrx_word' id='word_1_542' title='bbox 1235 1658 1404 1692; x_wconf 85' lang='lat' dir='ltr'>Ludovigho</span> <span class='ocrx_word' id='word_1_543' title='bbox 1423 1658 1459 1683; x_wconf 90' lang='lat' dir='ltr'>da</span> <span class='ocrx_word' id='word_1_544' title='bbox 1477 1659 1686 1684; x_wconf 85' lang='lat' dir='ltr'>Monterenzoli</span> <span class='ocrx_word' id='word_1_545' title='bbox 1704 1659 1891 1692; x_wconf 73' lang='lat' dir='ltr'>procur-adore</span> <span class='ocrx_word' id='word_1_546' title='bbox 1903 1659 1937 1685; x_wconf 84' lang='lat' dir='ltr'>de</span> <span class='ocrx_word' id='word_1_547' title='bbox 1955 1666 2005 1686; x_wconf 76' lang='grc' dir='ltr'>ιοι</span> <span class='ocrx_word' id='word_1_548' title='bbox 2016 1660 2089 1685; x_wconf 63' lang='lat' dir='ltr'><strong>netu</strong></span> 
     </span>
     <span class='ocr_line' id='line_1_67' title="bbox 1184 1707 2089 1743; baseline 0.003 -12"><span class='ocrx_word' id='word_1_549' title='bbox 1184 1708 1212 1731; x_wconf 86' lang='lat' dir='ltr'>et</span> <span class='ocrx_word' id='word_1_550' title='bbox 1230 1710 1330 1739; x_wconf 89' lang='lat' dir='ltr'><strong>questo</strong></span> <span class='ocrx_word' id='word_1_551' title='bbox 1349 1707 1484 1733; x_wconf 80' lang='lat' dir='ltr'>Zohanne</span> <span class='ocrx_word' id='word_1_552' title='bbox 1502 1708 1593 1734; x_wconf 77' lang='lat' dir='ltr'><strong>havea</strong></span> <span class='ocrx_word' id='word_1_553' title='bbox 1610 1707 1683 1734; x_wconf 79' lang='lat' dir='ltr'><strong>facte</strong></span> <span class='ocrx_word' id='word_1_554' title='bbox 1702 1710 1799 1741; x_wconf 84' lang='lat' dir='ltr'><strong>queste</strong></span> <span class='ocrx_word' id='word_1_555' title='bbox 1817 1709 1982 1742; x_wconf 68' lang='lat' dir='ltr'>provissone</span> <span class='ocrx_word' id='word_1_556' title='bbox 1998 1709 2030 1734; x_wconf 83' lang='lat' dir='ltr'>In</span> <span class='ocrx_word' id='word_1_557' title='bbox 2047 1709 2089 1743; x_wconf 83' lang='lat' dir='ltr'>gu</span> 
     </span>
     <span class='ocr_line' id='line_1_68' title="bbox 1183 1756 2086 1791; baseline 0.004 -11"><span class='ocrx_word' id='word_1_558' title='bbox 1183 1756 1233 1781; x_wconf 89' lang='lat' dir='ltr'>dui</span> <span class='ocrx_word' id='word_1_559' title='bbox 1252 1756 1318 1781; x_wconf 87' lang='lat' dir='ltr'>misi</span> <span class='ocrx_word' id='word_1_560' title='bbox 1335 1757 1460 1789; x_wconf 87' lang='lat' dir='ltr'>proximi</span> <span class='ocrx_word' id='word_1_561' title='bbox 1478 1758 1586 1790; x_wconf 78' lang='lat' dir='ltr'>passati</span> <span class='ocrx_word' id='word_1_562' title='bbox 1605 1758 1636 1782; x_wconf 86' lang='lat' dir='ltr'>in</span> <span class='ocrx_word' id='word_1_563' title='bbox 1654 1758 1675 1782; x_wconf 86' lang='lat' dir='ltr'>li</span> <span class='ocrx_word' id='word_1_564' title='bbox 1693 1758 1771 1791; x_wconf 80' lang='lat' dir='ltr'>quali</span> <span class='ocrx_word' id='word_1_565' title='bbox 1788 1758 1829 1783; x_wconf 91' lang='lat' dir='ltr'>lui</span> <span class='ocrx_word' id='word_1_566' title='bbox 1849 1765 1899 1783; x_wconf 75' lang='lat' dir='ltr'>ern</span> <span class='ocrx_word' id='word_1_567' title='bbox 1911 1758 1987 1784; x_wconf 70' lang='lat' dir='ltr'>stato</span> <span class='ocrx_word' id='word_1_568' title='bbox 2001 1758 2036 1784; x_wconf 86' lang='lat' dir='ltr'>de</span> <span class='ocrx_word' id='word_1_569' title='bbox 2048 1758 2086 1784; x_wconf 79' lang='lat' dir='ltr'>si-</span> 
     </span>
     <span class='ocr_line' id='line_1_69' title="bbox 1183 1805 2087 1841; baseline 0.003 -12"><span class='ocrx_word' id='word_1_570' title='bbox 1183 1805 1278 1837; x_wconf 86' lang='lat' dir='ltr'>gnurl,</span> <span class='ocrx_word' id='word_1_571' title='bbox 1302 1806 1331 1830; x_wconf 89' lang='lat' dir='ltr'>et</span> <span class='ocrx_word' id='word_1_572' title='bbox 1347 1805 1418 1831; x_wconf 72' lang='lat' dir='ltr'>suno</span> <span class='ocrx_word' id='word_1_573' title='bbox 1434 1807 1491 1831; x_wconf 79' lang='lat' dir='ltr'>arsi</span> <span class='ocrx_word' id='word_1_574' title='bbox 1509 1807 1540 1831; x_wconf 87' lang='lat' dir='ltr'>in</span> <span class='ocrx_word' id='word_1_575' title='bbox 1552 1807 1648 1839; x_wconf 81' lang='lat' dir='ltr'>pinzza</span> <span class='ocrx_word' id='word_1_576' title='bbox 1659 1807 1748 1840; x_wconf 81' lang='lat' dir='ltr'>quisti</span> <span class='ocrx_word' id='word_1_577' title='bbox 1759 1808 1827 1833; x_wconf 86' lang='lat' dir='ltr'>libri</span> <span class='ocrx_word' id='word_1_578' title='bbox 1838 1815 1903 1833; x_wconf 90' lang='lat' dir='ltr'>cum</span> <span class='ocrx_word' id='word_1_579' title='bbox 1915 1808 2011 1841; x_wconf 65' lang='lat' dir='ltr'><strong>quate</strong></span> <span class='ocrx_word' id='word_1_580' title='bbox 2021 1814 2087 1840; x_wconf 83' lang='lat' dir='ltr'>pro-</span> 
     </span>
     <span class='ocr_line' id='line_1_70' title="bbox 1183 1854 2088 1888; baseline 0.004 -10"><span class='ocrx_word' id='word_1_581' title='bbox 1183 1854 1293 1879; x_wconf 85' lang='lat' dir='ltr'>visione</span> <span class='ocrx_word' id='word_1_582' title='bbox 1311 1855 1341 1880; x_wconf 89' lang='lat' dir='ltr'>et</span> <span class='ocrx_word' id='word_1_583' title='bbox 1358 1855 1383 1880; x_wconf 86' lang='lat' dir='ltr'>si</span> <span class='ocrx_word' id='word_1_584' title='bbox 1400 1855 1514 1881; x_wconf 82' lang='lat' dir='ltr'>andono</span> <span class='ocrx_word' id='word_1_585' title='bbox 1532 1863 1584 1888; x_wconf 85' lang='lat' dir='ltr'>per</span> <span class='ocrx_word' id='word_1_586' title='bbox 1601 1856 1629 1881; x_wconf 81' lang='lat' dir='ltr'>la</span> <span class='ocrx_word' id='word_1_587' title='bbox 1649 1856 1745 1882; x_wconf 69' lang='lat' dir='ltr'>chasse.</span> <span class='ocrx_word' id='word_1_588' title='bbox 1766 1856 1832 1882; x_wconf 89' lang='lat' dir='ltr'><strong>delli</strong></span> <span class='ocrx_word' id='word_1_589' title='bbox 1850 1857 1935 1882; x_wconf 86' lang='lat' dir='ltr'>uffizii</span> <span class='ocrx_word' id='word_1_590' title='bbox 1959 1857 1989 1882; x_wconf 78' lang='lat' dir='ltr'>et</span> <span class='ocrx_word' id='word_1_591' title='bbox 2010 1856 2038 1882; x_wconf 75' lang='lat' dir='ltr'>sl</span> <span class='ocrx_word' id='word_1_592' title='bbox 2061 1855 2088 1881; x_wconf 70' lang='lat' dir='ltr'>ln</span> 
     </span>
     <span class='ocr_line' id='line_1_71' title="bbox 1183 1900 2086 1937; baseline 0.003 -11"><span class='ocrx_word' id='word_1_593' title='bbox 1183 1902 1304 1928; x_wconf 85' lang='lat' dir='ltr'>stellono</span> <span class='ocrx_word' id='word_1_594' title='bbox 1322 1905 1351 1928; x_wconf 91' lang='lat' dir='ltr'>et</span> <span class='ocrx_word' id='word_1_595' title='bbox 1368 1904 1458 1930; x_wconf 78' lang='lat' dir='ltr'><strong>arsela</strong></span> <span class='ocrx_word' id='word_1_596' title='bbox 1476 1905 1507 1929; x_wconf 87' lang='lat' dir='ltr'>in</span> <span class='ocrx_word' id='word_1_597' title='bbox 1524 1905 1635 1937; x_wconf 79' lang='lat' dir='ltr'>plazza;</span> <span class='ocrx_word' id='word_1_598' title='bbox 1655 1906 1684 1930; x_wconf 89' lang='lat' dir='ltr'>et</span> <span class='ocrx_word' id='word_1_599' title='bbox 1702 1905 1840 1931; x_wconf 84' lang='lat' dir='ltr'>sentendo</span> <span class='ocrx_word' id='word_1_600' title='bbox 1858 1906 1911 1931; x_wconf 89' lang='lat' dir='ltr'>che</span> <span class='ocrx_word' id='word_1_601' title='bbox 1924 1912 1942 1931; x_wconf 72' lang='lat' dir='ltr'><strong>a</strong></span> <span class='ocrx_word' id='word_1_602' title='bbox 1953 1900 2086 1931; x_wconf 72' lang='lat' dir='ltr'><strong>ehm&#39;de</strong></span> 
     </span>
     <span class='ocr_line' id='line_1_72' title="bbox 1184 1950 2088 1987; baseline 0.002 -12"><span class='ocrx_word' id='word_1_603' title='bbox 1184 1950 1285 1976; x_wconf 82' lang='lat' dir='ltr'>Nanne</span> <span class='ocrx_word' id='word_1_604' title='bbox 1304 1951 1450 1977; x_wconf 86' lang='lat' dir='ltr'>Gozadino</span> <span class='ocrx_word' id='word_1_605' title='bbox 1464 1960 1513 1978; x_wconf 79' lang='lat' dir='ltr'>era</span> <span class='ocrx_word' id='word_1_606' title='bbox 1524 1952 1600 1979; x_wconf 74' lang='lat' dir='ltr'><strong>facta</strong></span> <span class='ocrx_word' id='word_1_607' title='bbox 1613 1954 1719 1979; x_wconf 83' lang='lat' dir='ltr'>racolta</span> <span class='ocrx_word' id='word_1_608' title='bbox 1732 1954 1767 1979; x_wconf 91' lang='lat' dir='ltr'>de</span> <span class='ocrx_word' id='word_1_609' title='bbox 1780 1955 1863 1987; x_wconf 87' lang='lat' dir='ltr'><strong>gente</strong></span> <span class='ocrx_word' id='word_1_610' title='bbox 1875 1955 1900 1979; x_wconf 85' lang='lat' dir='ltr'>si</span> <span class='ocrx_word' id='word_1_611' title='bbox 1912 1954 1933 1979; x_wconf 89' lang='lat' dir='ltr'>li</span> <span class='ocrx_word' id='word_1_612' title='bbox 1945 1953 2088 1979; x_wconf 74' lang='lat' dir='ltr'>mnndono</span> 
     </span>
     <span class='ocr_line' id='line_1_73' title="bbox 1185 1999 2088 2035; baseline 0.002 -11"><span class='ocrx_word' id='word_1_613' title='bbox 1185 2006 1202 2024; x_wconf 78' lang='lat' dir='ltr'><strong>a</strong></span> <span class='ocrx_word' id='word_1_614' title='bbox 1220 1999 1280 2025; x_wconf 88' lang='lat' dir='ltr'><strong>dire</strong></span> <span class='ocrx_word' id='word_1_615' title='bbox 1299 2000 1349 2025; x_wconf 88' lang='lat' dir='ltr'>che</span> <span class='ocrx_word' id='word_1_616' title='bbox 1367 2000 1385 2026; x_wconf 91' lang='lat' dir='ltr'>’l</span> <span class='ocrx_word' id='word_1_617' title='bbox 1398 2002 1527 2035; x_wconf 85' lang='lat' dir='ltr'>vegnisse</span> <span class='ocrx_word' id='word_1_618' title='bbox 1541 2010 1558 2027; x_wconf 80' lang='lat' dir='ltr'><strong>a</strong></span> <span class='ocrx_word' id='word_1_619' title='bbox 1570 2003 1596 2027; x_wconf 81' lang='lat' dir='ltr'>la</span> <span class='ocrx_word' id='word_1_620' title='bbox 1607 2003 1705 2035; x_wconf 76' lang='lat' dir='ltr'>piazza</span> <span class='ocrx_word' id='word_1_621' title='bbox 1716 2011 1734 2029; x_wconf 78' lang='lat' dir='ltr'><strong>a</strong></span> <span class='ocrx_word' id='word_1_622' title='bbox 1746 2003 1774 2029; x_wconf 74' lang='lat' dir='ltr'>la</span> <span class='ocrx_word' id='word_1_623' title='bbox 1785 2003 1865 2035; x_wconf 74' lang='lat' dir='ltr'><strong>quale</strong></span> <span class='ocrx_word' id='word_1_624' title='bbox 1876 2010 1936 2028; x_wconf 89' lang='lat' dir='ltr'>non</span> <span class='ocrx_word' id='word_1_625' title='bbox 1949 2009 1978 2028; x_wconf 78' lang='lat' dir='ltr'>se</span> <span class='ocrx_word' id='word_1_626' title='bbox 1989 1999 2088 2028; x_wconf 71' lang='lat' dir='ltr'>ntento</span> 
     </span>
     <span class='ocr_line' id='line_1_74' title="bbox 1185 2048 2089 2085; baseline 0.002 -11"><span class='ocrx_word' id='word_1_627' title='bbox 1185 2048 1219 2074; x_wconf 88' lang='lat' dir='ltr'>de</span> <span class='ocrx_word' id='word_1_628' title='bbox 1238 2051 1336 2076; x_wconf 89' lang='lat' dir='ltr'>venire</span> <span class='ocrx_word' id='word_1_629' title='bbox 1354 2058 1406 2083; x_wconf 89' lang='lat' dir='ltr'>per</span> <span class='ocrx_word' id='word_1_630' title='bbox 1423 2051 1474 2076; x_wconf 90' lang='lat' dir='ltr'>che</span> <span class='ocrx_word' id='word_1_631' title='bbox 1493 2059 1526 2076; x_wconf 78' lang='lat' dir='ltr'>za</span> <span class='ocrx_word' id='word_1_632' title='bbox 1544 2053 1643 2078; x_wconf 87' lang='lat' dir='ltr'>misser</span> <span class='ocrx_word' id='word_1_633' title='bbox 1663 2052 1767 2079; x_wconf 76' lang='lat' dir='ltr'>charlo</span> <span class='ocrx_word' id='word_1_634' title='bbox 1785 2053 1875 2079; x_wconf 81' lang='lat' dir='ltr'><strong>l&#39;avea</strong></span> <span class='ocrx_word' id='word_1_635' title='bbox 1892 2059 1974 2085; x_wconf 65' lang='lat' dir='ltr'><strong>presa</strong></span> <span class='ocrx_word' id='word_1_636' title='bbox 1990 2053 2020 2078; x_wconf 81' lang='lat' dir='ltr'>et</span> <span class='ocrx_word' id='word_1_637' title='bbox 2030 2050 2089 2077; x_wconf 73' lang='lat' dir='ltr'>for·</span> 
     </span>
     <span class='ocr_line' id='line_1_75' title="bbox 1185 2097 2089 2129; baseline 0.002 -7"><span class='ocrx_word' id='word_1_638' title='bbox 1185 2097 1264 2129; x_wconf 74' lang='lat' dir='ltr'>nida3</span> <span class='ocrx_word' id='word_1_639' title='bbox 1283 2099 1317 2124; x_wconf 92' lang='lat' dir='ltr'>de</span> <span class='ocrx_word' id='word_1_640' title='bbox 1335 2099 1388 2125; x_wconf 87' lang='lat' dir='ltr'>che</span> <span class='ocrx_word' id='word_1_641' title='bbox 1406 2100 1516 2126; x_wconf 83' lang='lat' dir='ltr'>Mathio</span> <span class='ocrx_word' id='word_1_642' title='bbox 1531 2100 1620 2126; x_wconf 82' lang='lat' dir='ltr'>Griffo</span> <span class='ocrx_word' id='word_1_643' title='bbox 1633 2101 1865 2127; x_wconf 72' lang='lat' dir='ltr'>neconfaloniero</span> <span class='ocrx_word' id='word_1_644' title='bbox 1884 2102 1919 2127; x_wconf 86' lang='lat' dir='ltr'>de</span> <span class='ocrx_word' id='word_1_645' title='bbox 1936 2100 2054 2127; x_wconf 61' lang='lat' dir='ltr'>matitia.</span> <span class='ocrx_word' id='word_1_646' title='bbox 2071 2106 2089 2124; x_wconf 75' lang='lat' dir='ltr'>a</span> 
     </span>
     <span class='ocr_line' id='line_1_76' title="bbox 1185 2147 2088 2183; baseline 0.002 -12"><span class='ocrx_word' id='word_1_647' title='bbox 1185 2147 1286 2180; x_wconf 89' lang='lat' dir='ltr'>preghi</span> <span class='ocrx_word' id='word_1_648' title='bbox 1304 2147 1337 2173; x_wconf 88' lang='lat' dir='ltr'>de</span> <span class='ocrx_word' id='word_1_649' title='bbox 1358 2149 1456 2174; x_wconf 85' lang='lat' dir='ltr'>misser</span> <span class='ocrx_word' id='word_1_650' title='bbox 1485 2149 1590 2175; x_wconf 76' lang='lat' dir='ltr'>Charlo</span> <span class='ocrx_word' id='word_1_651' title='bbox 1620 2152 1648 2175; x_wconf 89' lang='lat' dir='ltr'>et</span> <span class='ocrx_word' id='word_1_652' title='bbox 1667 2150 1700 2176; x_wconf 87' lang='lat' dir='ltr'>de</span> <span class='ocrx_word' id='word_1_653' title='bbox 1719 2150 1833 2176; x_wconf 84' lang='lat' dir='ltr'>Iacomo</span> <span class='ocrx_word' id='word_1_654' title='bbox 1861 2150 1983 2183; x_wconf 85' lang='lat' dir='ltr'>predicti</span> <span class='ocrx_word' id='word_1_655' title='bbox 2000 2150 2028 2174; x_wconf 92' lang='lat' dir='ltr'>et</span> <span class='ocrx_word' id='word_1_656' title='bbox 2053 2148 2088 2173; x_wconf 85' lang='lat' dir='ltr'>de</span> 
     </span>
     <span class='ocr_line' id='line_1_77' title="bbox 1188 2196 2084 2231; baseline 0.002 -11"><span class='ocrx_word' id='word_1_657' title='bbox 1188 2196 1269 2221; x_wconf 90' lang='lat' dir='ltr'>molti</span> <span class='ocrx_word' id='word_1_658' title='bbox 1288 2197 1354 2222; x_wconf 80' lang='lat' dir='ltr'>nitri</span> <span class='ocrx_word' id='word_1_659' title='bbox 1374 2198 1497 2223; x_wconf 78' lang='lat' dir='ltr'>notabili</span> <span class='ocrx_word' id='word_1_660' title='bbox 1509 2198 1622 2224; x_wconf 89' lang='lat' dir='ltr'>homini</span> <span class='ocrx_word' id='word_1_661' title='bbox 1632 2198 1706 2225; x_wconf 73' lang='lat' dir='ltr'>ando</span> <span class='ocrx_word' id='word_1_662' title='bbox 1718 2207 1735 2225; x_wconf 81' lang='lat' dir='ltr'><strong>a</strong></span> <span class='ocrx_word' id='word_1_663' title='bbox 1747 2200 1847 2225; x_wconf 79' lang='lat' dir='ltr'>Nanne</span> <span class='ocrx_word' id='word_1_664' title='bbox 1860 2200 1890 2225; x_wconf 85' lang='lat' dir='ltr'>et</span> <span class='ocrx_word' id='word_1_665' title='bbox 1901 2206 1966 2224; x_wconf 90' lang='lat' dir='ltr'>cum</span> <span class='ocrx_word' id='word_1_666' title='bbox 1977 2196 2084 2231; x_wconf 74' lang='lat' dir='ltr'>grande</span> 
     </span>
     <span class='ocr_line' id='line_1_78' title="bbox 1186 2242 2090 2279; baseline 0.008 -11"><span class='ocrx_word' id='word_1_667' title='bbox 1186 2242 1291 2270; x_wconf 71' lang='lat' dir='ltr'>fatiche.</span> <span class='ocrx_word' id='word_1_668' title='bbox 1308 2252 1326 2270; x_wconf 81' lang='lat' dir='ltr'><strong>a</strong></span> <span class='ocrx_word' id='word_1_669' title='bbox 1343 2246 1444 2279; x_wconf 82' lang='lat' dir='ltr'>preghi</span> <span class='ocrx_word' id='word_1_670' title='bbox 1461 2254 1546 2279; x_wconf 77' lang='lat' dir='ltr'>sopra.</span> <span class='ocrx_word' id='word_1_671' title='bbox 1570 2246 1653 2273; x_wconf 87' lang='lat' dir='ltr'>d&#39;essi</span> <span class='ocrx_word' id='word_1_672' title='bbox 1678 2248 1707 2273; x_wconf 87' lang='lat' dir='ltr'>lo</span> <span class='ocrx_word' id='word_1_673' title='bbox 1725 2248 1901 2274; x_wconf 78' lang='lat' dir='ltr'>condusseno</span> <span class='ocrx_word' id='word_1_674' title='bbox 1924 2248 1956 2273; x_wconf 82' lang='lat' dir='ltr'>in</span> <span class='ocrx_word' id='word_1_675' title='bbox 1979 2245 2090 2279; x_wconf 65' lang='lat' dir='ltr'>palazio</span> 
     </span>
     <span class='ocr_line' id='line_1_79' title="bbox 1188 2292 2091 2326; baseline 0.002 -9"><span class='ocrx_word' id='word_1_676' title='bbox 1188 2292 1309 2325; x_wconf 84' lang='lat' dir='ltr'>digando</span> <span class='ocrx_word' id='word_1_677' title='bbox 1327 2293 1378 2320; x_wconf 92' lang='lat' dir='ltr'>che</span> <span class='ocrx_word' id='word_1_678' title='bbox 1397 2294 1444 2320; x_wconf 87' lang='lat' dir='ltr'>chi</span> <span class='ocrx_word' id='word_1_679' title='bbox 1462 2294 1605 2321; x_wconf 56' lang='lat' dir='ltr'><strong>offender&amp;</strong></span> <span class='ocrx_word' id='word_1_680' title='bbox 1626 2297 1728 2322; x_wconf 76' lang='lat' dir='ltr'>Nanne</span> <span class='ocrx_word' id='word_1_681' title='bbox 1753 2293 1893 2322; x_wconf 60' lang='lat' dir='ltr'><strong>offenders</strong></span> <span class='ocrx_word' id='word_1_682' title='bbox 1916 2295 2035 2326; x_wconf 73' lang='lat' dir='ltr'>Mathio,</span> <span class='ocrx_word' id='word_1_683' title='bbox 2060 2293 2091 2319; x_wconf 83' lang='lat' dir='ltr'>et</span> 
     </span>
     <span class='ocr_line' id='line_1_80' title="bbox 1187 2339 2089 2377; baseline 0.002 -12"><span class='ocrx_word' id='word_1_684' title='bbox 1187 2339 1245 2366; x_wconf 78' lang='lat' dir='ltr'>felli</span> <span class='ocrx_word' id='word_1_685' title='bbox 1264 2341 1338 2367; x_wconf 79' lang='lat' dir='ltr'>bona</span> <span class='ocrx_word' id='word_1_686' title='bbox 1364 2345 1526 2377; x_wconf 79' lang='lat' dir='ltr'>conpagnia</span> <span class='ocrx_word' id='word_1_687' title='bbox 1553 2345 1582 2369; x_wconf 87' lang='lat' dir='ltr'>et</span> <span class='ocrx_word' id='word_1_688' title='bbox 1599 2342 1615 2369; x_wconf 78' lang='grc' dir='ltr'>ὲ</span> <span class='ocrx_word' id='word_1_689' title='bbox 1632 2352 1700 2370; x_wconf 91' lang='lat' dir='ltr'>vero</span> <span class='ocrx_word' id='word_1_690' title='bbox 1717 2344 1768 2370; x_wconf 88' lang='lat' dir='ltr'>che</span> <span class='ocrx_word' id='word_1_691' title='bbox 1785 2352 1815 2370; x_wconf 82' lang='lat' dir='ltr'>se</span> <span class='ocrx_word' id='word_1_692' title='bbox 1833 2352 1892 2370; x_wconf 90' lang='lat' dir='ltr'>non</span> <span class='ocrx_word' id='word_1_693' title='bbox 1916 2343 1990 2370; x_wconf 66' lang='lat' dir='ltr'><strong>fuae</strong></span> <span class='ocrx_word' id='word_1_694' title='bbox 2013 2343 2089 2368; x_wconf 66' lang='lat' dir='ltr'>stato</span> 
     </span>
     <span class='ocr_line' id='line_1_81' title="bbox 1188 2389 2090 2422; baseline 0.002 -8"><span class='ocrx_word' id='word_1_695' title='bbox 1188 2389 1307 2421; x_wconf 75' lang='lat' dir='ltr'>Matfflo,</span> <span class='ocrx_word' id='word_1_696' title='bbox 1326 2392 1428 2418; x_wconf 72' lang='lat' dir='ltr'>Nnnne</span> <span class='ocrx_word' id='word_1_697' title='bbox 1446 2399 1544 2418; x_wconf 87' lang='lat' dir='ltr'><strong>sereve</strong></span> <span class='ocrx_word' id='word_1_698' title='bbox 1565 2394 1639 2418; x_wconf 82' lang='lat' dir='ltr'>stato</span> <span class='ocrx_word' id='word_1_699' title='bbox 1657 2395 1750 2419; x_wconf 86' lang='lat' dir='ltr'>morto</span> <span class='ocrx_word' id='word_1_700' title='bbox 1768 2400 1856 2419; x_wconf 86' lang='lat' dir='ltr'>overo</span> <span class='ocrx_word' id='word_1_701' title='bbox 1869 2391 2030 2422; x_wconf 67' lang='lat' dir='ltr'>confinadog</span> <span class='ocrx_word' id='word_1_702' title='bbox 2042 2397 2090 2416; x_wconf 66' lang='lat' dir='ltr'>mn</span> 
     </span>
     <span class='ocr_line' id='line_1_82' title="bbox 1188 2436 2088 2473; baseline 0.003 -11"><span class='ocrx_word' id='word_1_703' title='bbox 1188 2436 1225 2462; x_wconf 78' lang='lat' dir='ltr'>fe’</span> <span class='ocrx_word' id='word_1_704' title='bbox 1243 2446 1314 2472; x_wconf 76' lang='lat' dir='ltr'>gran</span> <span class='ocrx_word' id='word_1_705' title='bbox 1331 2441 1411 2472; x_wconf 75' lang='lat' dir='ltr'>patin</span> <span class='ocrx_word' id='word_1_706' title='bbox 1428 2440 1456 2465; x_wconf 92' lang='lat' dir='ltr'>lo</span> <span class='ocrx_word' id='word_1_707' title='bbox 1474 2440 1550 2466; x_wconf 87' lang='lat' dir='ltr'>dicto</span> <span class='ocrx_word' id='word_1_708' title='bbox 1568 2442 1670 2467; x_wconf 74' lang='lat' dir='ltr'>Nanne</span> <span class='ocrx_word' id='word_1_709' title='bbox 1683 2442 1719 2467; x_wconf 78' lang='lat' dir='ltr'>ad</span> <span class='ocrx_word' id='word_1_710' title='bbox 1732 2442 1846 2473; x_wconf 71' lang='lat' dir='ltr'><strong>andare,</strong></span> <span class='ocrx_word' id='word_1_711' title='bbox 1860 2442 1911 2467; x_wconf 87' lang='lat' dir='ltr'>che</span> <span class='ocrx_word' id='word_1_712' title='bbox 1924 2448 1954 2467; x_wconf 77' lang='lat' dir='ltr'>se</span> <span class='ocrx_word' id='word_1_713' title='bbox 1972 2440 2088 2466; x_wconf 65' lang='lat' dir='ltr'><strong>huense</strong></span> 
     </span>
     <span class='ocr_line' id='line_1_83' title="bbox 1188 2487 2090 2524; baseline 0.002 -12"><span class='ocrx_word' id='word_1_714' title='bbox 1188 2488 1323 2519; x_wconf 75' lang='lat' dir='ltr'>nspetado</span> <span class='ocrx_word' id='word_1_715' title='bbox 1341 2496 1393 2520; x_wconf 86' lang='lat' dir='ltr'>per</span> <span class='ocrx_word' id='word_1_716' title='bbox 1410 2489 1467 2514; x_wconf 87' lang='lat' dir='ltr'>fino</span> <span class='ocrx_word' id='word_1_717' title='bbox 1484 2497 1502 2514; x_wconf 82' lang='lat' dir='ltr'><strong>a</strong></span> <span class='ocrx_word' id='word_1_718' title='bbox 1520 2487 1697 2520; x_wconf 57' lang='lat' dir='ltr'>dissecando</span> <span class='ocrx_word' id='word_1_719' title='bbox 1716 2491 1743 2515; x_wconf 91' lang='lat'>10</span> <span class='ocrx_word' id='word_1_720' title='bbox 1765 2490 1908 2524; x_wconf 84' lang='lat' dir='ltr'>conseglio</span> <span class='ocrx_word' id='word_1_721' title='bbox 1930 2490 1964 2515; x_wconf 85' lang='lat' dir='ltr'>de</span> <span class='ocrx_word' id='word_1_722' title='bbox 1988 2489 2090 2515; x_wconf 66' lang='lat' dir='ltr'>minor</span> 
     </span>
     <span class='ocr_line' id='line_1_84' title="bbox 1189 2535 2089 2573; baseline 0.004 -14"><span class='ocrx_word' id='word_1_723' title='bbox 1189 2535 1343 2562; x_wconf 75' lang='lat' dir='ltr'>Frnncesco</span> <span class='ocrx_word' id='word_1_724' title='bbox 1361 2538 1508 2570; x_wconf 80' lang='lat' dir='ltr'>Rampone</span> <span class='ocrx_word' id='word_1_725' title='bbox 1526 2539 1578 2564; x_wconf 85' lang='lat' dir='ltr'>che</span> <span class='ocrx_word' id='word_1_726' title='bbox 1597 2539 1687 2564; x_wconf 78' lang='lat' dir='ltr'><strong>havea</strong></span> <span class='ocrx_word' id='word_1_727' title='bbox 1704 2547 1775 2572; x_wconf 80' lang='lat' dir='ltr'>gran</span> <span class='ocrx_word' id='word_1_728' title='bbox 1787 2540 1898 2573; x_wconf 77' lang='lat' dir='ltr'>brigatn</span> <span class='ocrx_word' id='word_1_729' title='bbox 1909 2547 1927 2564; x_wconf 77' lang='lat' dir='ltr'><strong>a</strong></span> <span class='ocrx_word' id='word_1_730' title='bbox 1937 2538 2020 2564; x_wconf 70' lang='lat' dir='ltr'><strong>chau.</strong></span> <span class='ocrx_word' id='word_1_731' title='bbox 2030 2543 2089 2568; x_wconf 72' lang='lat' dir='ltr'>soa,</span> 
     </span>
     <span class='ocr_line' id='line_1_85' title="bbox 1188 2583 2089 2620; baseline 0.002 -12"><span class='ocrx_word' id='word_1_732' title='bbox 1188 2583 1332 2610; x_wconf 80' lang='lat' dir='ltr'>harevono</span> <span class='ocrx_word' id='word_1_733' title='bbox 1351 2586 1437 2611; x_wconf 84' lang='lat' dir='ltr'>hauto</span> <span class='ocrx_word' id='word_1_734' title='bbox 1456 2588 1537 2612; x_wconf 78' lang='lat' dir='ltr'>tanto</span> <span class='ocrx_word' id='word_1_735' title='bbox 1555 2595 1690 2613; x_wconf 87' lang='lat' dir='ltr'>concorso</span> <span class='ocrx_word' id='word_1_736' title='bbox 1704 2588 1738 2613; x_wconf 92' lang='lat' dir='ltr'>de</span> <span class='ocrx_word' id='word_1_737' title='bbox 1751 2588 1857 2620; x_wconf 88' lang='lat' dir='ltr'>populo</span> <span class='ocrx_word' id='word_1_738' title='bbox 1869 2587 1919 2613; x_wconf 90' lang='lat' dir='ltr'>che</span> <span class='ocrx_word' id='word_1_739' title='bbox 1937 2586 2089 2612; x_wconf 70' lang='lat' dir='ltr'>havet-inno</span> 
     </span>
     <span class='ocr_line' id='line_1_86' title="bbox 1190 2631 2091 2667; baseline 0.002 -10"><span class='ocrx_word' id='word_1_740' title='bbox 1190 2631 1312 2659; x_wconf 73' lang='lat' dir='ltr'>desfacto</span> <span class='ocrx_word' id='word_1_741' title='bbox 1331 2634 1358 2658; x_wconf 91' lang='lat' dir='ltr'>lo</span> <span class='ocrx_word' id='word_1_742' title='bbox 1378 2635 1456 2660; x_wconf 75' lang='lat' dir='ltr'>dicto</span> <span class='ocrx_word' id='word_1_743' title='bbox 1475 2636 1574 2661; x_wconf 80' lang='lat' dir='ltr'>misser</span> <span class='ocrx_word' id='word_1_744' title='bbox 1592 2636 1704 2667; x_wconf 70' lang='lat' dir='ltr'><strong>chade,</strong></span> <span class='ocrx_word' id='word_1_745' title='bbox 1725 2644 1770 2661; x_wconf 80' lang='lat' dir='ltr'>mn</span> <span class='ocrx_word' id='word_1_746' title='bbox 1789 2635 1910 2662; x_wconf 73' lang='lat' dir='ltr'>mancho</span> <span class='ocrx_word' id='word_1_747' title='bbox 1928 2635 2045 2662; x_wconf 76' lang='lat' dir='ltr'>i’animo</span> <span class='ocrx_word' id='word_1_748' title='bbox 2062 2633 2091 2659; x_wconf 70' lang='lat'>⁸1</span> 
     </span>
     <span class='ocr_line' id='line_1_87' title="bbox 1189 2680 2090 2717; baseline 0.002 -12"><span class='ocrx_word' id='word_1_749' title='bbox 1189 2680 1263 2706; x_wconf 82' lang='lat' dir='ltr'>dicto</span> <span class='ocrx_word' id='word_1_750' title='bbox 1281 2682 1381 2708; x_wconf 78' lang='lat' dir='ltr'>Nanne</span> <span class='ocrx_word' id='word_1_751' title='bbox 1394 2683 1570 2710; x_wconf 75' lang='lat' dir='ltr'>Ghozadlno.</span> <span class='ocrx_word' id='word_1_752' title='bbox 1590 2684 1631 2710; x_wconf 88' lang='lat' dir='ltr'>Or</span> <span class='ocrx_word' id='word_1_753' title='bbox 1643 2685 1757 2711; x_wconf 79' lang='lat' dir='ltr'>Mathio</span> <span class='ocrx_word' id='word_1_754' title='bbox 1769 2686 1855 2710; x_wconf 91' lang='lat' dir='ltr'>tenne</span> <span class='ocrx_word' id='word_1_755' title='bbox 1867 2691 1978 2717; x_wconf 87' lang='lat' dir='ltr'><strong>sempre</strong></span> <span class='ocrx_word' id='word_1_756' title='bbox 1989 2684 2090 2709; x_wconf 70' lang='lat' dir='ltr'>Nonne</span> 
     </span>
     <span class='ocr_line' id='line_1_88' title="bbox 1189 2729 2090 2766; baseline 0.001 -11"><span class='ocrx_word' id='word_1_757' title='bbox 1189 2729 1222 2754; x_wconf 84' lang='lat' dir='ltr'>in</span> <span class='ocrx_word' id='word_1_758' title='bbox 1239 2730 1350 2763; x_wconf 66' lang='lat' dir='ltr'>palazio</span> <span class='ocrx_word' id='word_1_759' title='bbox 1369 2739 1385 2757; x_wconf 92' lang='lat' dir='ltr'>e</span> <span class='ocrx_word' id='word_1_760' title='bbox 1403 2733 1502 2757; x_wconf 87' lang='lat' dir='ltr'>misser</span> <span class='ocrx_word' id='word_1_761' title='bbox 1520 2733 1687 2758; x_wconf 81' lang='lat' dir='ltr'>Ghozadino</span> <span class='ocrx_word' id='word_1_762' title='bbox 1705 2740 1756 2759; x_wconf 85' lang='lat' dir='ltr'>suo</span> <span class='ocrx_word' id='word_1_763' title='bbox 1774 2734 1877 2766; x_wconf 91' lang='lat' dir='ltr'>nepote</span> <span class='ocrx_word' id='word_1_764' title='bbox 1889 2732 2047 2759; x_wconf 77' lang='lat' dir='ltr'>chnvnliero</span> <span class='ocrx_word' id='word_1_765' title='bbox 2060 2731 2090 2756; x_wconf 80' lang='lat' dir='ltr'>et</span> 
     </span>
     <span class='ocr_line' id='line_1_89' title="bbox 1190 2777 2091 2814; baseline 0.002 -11"><span class='ocrx_word' id='word_1_766' title='bbox 1190 2777 1310 2810; x_wconf 89' lang='lat' dir='ltr'>dottore,</span> <span class='ocrx_word' id='word_1_767' title='bbox 1329 2781 1358 2805; x_wconf 83' lang='lat' dir='ltr'>et</span> <span class='ocrx_word' id='word_1_768' title='bbox 1376 2781 1432 2805; x_wconf 79' lang='lat' dir='ltr'>mai</span> <span class='ocrx_word' id='word_1_769' title='bbox 1451 2788 1509 2806; x_wconf 89' lang='lat' dir='ltr'>non</span> <span class='ocrx_word' id='word_1_770' title='bbox 1527 2779 1654 2807; x_wconf 77' lang='lat' dir='ltr'>consenti</span> <span class='ocrx_word' id='word_1_771' title='bbox 1672 2782 1789 2807; x_wconf 83' lang='lat' dir='ltr'>nlchuno</span> <span class='ocrx_word' id='word_1_772' title='bbox 1807 2789 1858 2807; x_wconf 90' lang='lat' dir='ltr'>suo</span> <span class='ocrx_word' id='word_1_773' title='bbox 1877 2781 2037 2814; x_wconf 77' lang='lat' dir='ltr'><strong>desplscere</strong></span> <span class='ocrx_word' id='word_1_774' title='bbox 2054 2777 2091 2806; x_wconf 69' lang='lat' dir='ltr'>ne</span> 
     </span>
     <span class='ocr_line' id='line_1_90' title="bbox 1190 2825 2088 2864; baseline 0.003 -13"><span class='ocrx_word' id='word_1_775' title='bbox 1190 2825 1335 2853; x_wconf 76' lang='lat' dir='ltr'>d’alchuno</span> <span class='ocrx_word' id='word_1_776' title='bbox 1349 2828 1383 2854; x_wconf 91' lang='lat' dir='ltr'>de</span> <span class='ocrx_word' id='word_1_777' title='bbox 1396 2835 1445 2855; x_wconf 79' lang='lat' dir='ltr'>soa</span> <span class='ocrx_word' id='word_1_778' title='bbox 1456 2829 1538 2855; x_wconf 77' lang='lat' dir='ltr'>chasa</span> <span class='ocrx_word' id='word_1_779' title='bbox 1550 2828 1585 2855; x_wconf 73' lang='lat' dir='ltr'>ne</span> <span class='ocrx_word' id='word_1_780' title='bbox 1596 2830 1629 2855; x_wconf 89' lang='lat' dir='ltr'>de</span> <span class='ocrx_word' id='word_1_781' title='bbox 1642 2830 1722 2864; x_wconf 88' lang='lat' dir='ltr'>quilii</span> <span class='ocrx_word' id='word_1_782' title='bbox 1733 2830 1769 2855; x_wconf 75' lang='lat' dir='ltr'>da</span> <span class='ocrx_word' id='word_1_783' title='bbox 1778 2830 1942 2856; x_wconf 82' lang='lat' dir='ltr'>Chanedolo</span> <span class='ocrx_word' id='word_1_784' title='bbox 1956 2828 2088 2855; x_wconf 80' lang='lat' dir='ltr'>ch&#39;ernno</span> 
     </span>
     <span class='ocr_line' id='line_1_91' title="bbox 1192 2876 2087 2911; baseline 0.003 -11"><span class='ocrx_word' id='word_1_785' title='bbox 1192 2876 1319 2908; x_wconf 82' lang='lat' dir='ltr'>reputadi</span> <span class='ocrx_word' id='word_1_786' title='bbox 1331 2878 1433 2910; x_wconf 83' lang='lat' dir='ltr'>grandi</span> <span class='ocrx_word' id='word_1_787' title='bbox 1451 2879 1495 2903; x_wconf 84' lang='lat' dir='ltr'>soi</span> <span class='ocrx_word' id='word_1_788' title='bbox 1512 2879 1596 2904; x_wconf 80' lang='lat' dir='ltr'>amici</span> <span class='ocrx_word' id='word_1_789' title='bbox 1615 2878 1677 2911; x_wconf 83' lang='lat' dir='ltr'><strong>[per</strong></span> <span class='ocrx_word' id='word_1_790' title='bbox 1694 2879 1814 2904; x_wconf 72' lang='lat' dir='ltr'>chnsone</span> <span class='ocrx_word' id='word_1_791' title='bbox 1833 2879 1867 2904; x_wconf 89' lang='lat' dir='ltr'>de</span> <span class='ocrx_word' id='word_1_792' title='bbox 1887 2880 1988 2904; x_wconf 84' lang='lat' dir='ltr'>misser</span> <span class='ocrx_word' id='word_1_793' title='bbox 2001 2878 2087 2903; x_wconf 79' lang='lat' dir='ltr'>Fran-</span> 
     </span>
     <span class='ocr_line' id='line_1_92' title="bbox 1190 2925 2090 2961; baseline 0.002 -12"><span class='ocrx_word' id='word_1_794' title='bbox 1190 2932 1269 2950; x_wconf 84' lang='lat' dir='ltr'>cesco</span> <span class='ocrx_word' id='word_1_795' title='bbox 1288 2926 1437 2959; x_wconf 82' lang='lat' dir='ltr'>Rampone</span> <span class='ocrx_word' id='word_1_796' title='bbox 1455 2927 1498 2952; x_wconf 90' lang='lat' dir='ltr'>del</span> <span class='ocrx_word' id='word_1_797' title='bbox 1517 2928 1596 2961; x_wconf 88' lang='lat' dir='ltr'><strong>quale</strong></span> <span class='ocrx_word' id='word_1_798' title='bbox 1616 2928 1671 2961; x_wconf 88' lang='lat' dir='ltr'><strong>egli</strong></span> <span class='ocrx_word' id='word_1_799' title='bbox 1690 2935 1775 2953; x_wconf 77' lang='lat' dir='ltr'>erano</span> <span class='ocrx_word' id='word_1_800' title='bbox 1794 2929 1894 2960; x_wconf 88' lang='lat' dir='ltr'>nepoti</span> <span class='ocrx_word' id='word_1_801' title='bbox 1919 2925 1969 2952; x_wconf 64' lang='lat' dir='ltr'><strong>zoe</strong></span> <span class='ocrx_word' id='word_1_802' title='bbox 1990 2928 2090 2952; x_wconf 77' lang='lat' dir='ltr'>misser</span> 
     </span>
     <span class='ocr_line' id='line_1_93' title="bbox 1191 2973 2090 3006; baseline 0.003 -7"><span class='ocrx_word' id='word_1_803' title='bbox 1191 2973 1375 3006; x_wconf 73' lang='lat' dir='ltr'><strong>Lambertim,</strong></span> <span class='ocrx_word' id='word_1_804' title='bbox 1390 2976 1490 3001; x_wconf 77' lang='lat' dir='ltr'>misser</span> <span class='ocrx_word' id='word_1_805' title='bbox 1503 2976 1637 3002; x_wconf 77' lang='lat' dir='ltr'>Zohanne</span> <span class='ocrx_word' id='word_1_806' title='bbox 1649 2977 1678 3002; x_wconf 86' lang='lat' dir='ltr'>et</span> <span class='ocrx_word' id='word_1_807' title='bbox 1690 2976 1799 3002; x_wconf 81' lang='lat' dir='ltr'>Mathio</span> <span class='ocrx_word' id='word_1_808' title='bbox 1812 2977 1848 3002; x_wconf 74' lang='lat' dir='ltr'>da</span> <span class='ocrx_word' id='word_1_809' title='bbox 1863 2976 2018 3002; x_wconf 76' lang='lat' dir='ltr'>chmetolo</span> <span class='ocrx_word' id='word_1_810' title='bbox 2034 2974 2090 3001; x_wconf 69' lang='lat' dir='ltr'>sra-</span> 
     </span>
    </p>
   </div>
   <div class='ocr_carea' id='block_1_10' title="bbox 2114 1072 2154 1105">
    <p class='ocr_par' dir='ltr' id='par_1_13' title="bbox 2114 1072 2154 1105">
     <span class='ocr_line' id='line_1_94' title="bbox 2114 1072 2154 1105; baseline 0.025 -1"><span class='ocrx_word' id='word_1_811' title='bbox 2114 1072 2154 1105; x_wconf 92' lang='lat'>10</span> 
     </span>
    </p>
   </div>
   <div class='ocr_carea' id='block_1_11' title="bbox 2116 1318 2154 1352">
    <p class='ocr_par' dir='ltr' id='par_1_14' title="bbox 2116 1318 2154 1352">
     <span class='ocr_line' id='line_1_95' title="bbox 2116 1318 2154 1352; baseline -0.026 0"><span class='ocrx_word' id='word_1_812' title='bbox 2116 1318 2154 1352; x_wconf 91' lang='grc'>15</span> 
     </span>
    </p>
   </div>
   <div class='ocr_carea' id='block_1_12' title="bbox 2113 1569 2157 1602">
    <p class='ocr_par' dir='ltr' id='par_1_15' title="bbox 2113 1569 2157 1602">
     <span class='ocr_line' id='line_1_96' title="bbox 2113 1569 2157 1602; baseline 0 0"><span class='ocrx_word' id='word_1_813' title='bbox 2113 1569 2157 1602; x_wconf 90' lang='grc'>20</span> 
     </span>
    </p>
   </div>
   <div class='ocr_carea' id='block_1_13' title="bbox 2113 1818 2155 1853">
    <p class='ocr_par' dir='ltr' id='par_1_16' title="bbox 2113 1818 2155 1853">
     <span class='ocr_line' id='line_1_97' title="bbox 2113 1818 2155 1853; baseline -0.024 0"><span class='ocrx_word' id='word_1_814' title='bbox 2113 1818 2155 1853; x_wconf 90' lang='grc'>25</span> 
     </span>
    </p>
   </div>
   <div class='ocr_carea' id='block_1_14' title="bbox 2114 2066 2159 2099">
    <p class='ocr_par' dir='ltr' id='par_1_17' title="bbox 2114 2066 2159 2099">
     <span class='ocr_line' id='line_1_98' title="bbox 2114 2066 2159 2099; baseline 0 0"><span class='ocrx_word' id='word_1_815' title='bbox 2114 2066 2159 2099; x_wconf 89' lang='grc'>30</span> 
     </span>
    </p>
   </div>
   <div class='ocr_carea' id='block_1_15' title="bbox 2114 2305 2157 2340">
    <p class='ocr_par' dir='ltr' id='par_1_18' title="bbox 2114 2305 2157 2340">
     <span class='ocr_line' id='line_1_99' title="bbox 2114 2305 2157 2340; baseline 0 0"><span class='ocrx_word' id='word_1_816' title='bbox 2114 2305 2157 2340; x_wconf 87' lang='grc'>35</span> 
     </span>
    </p>
   </div>
   <div class='ocr_carea' id='block_1_16' title="bbox 2117 2552 2160 2584">
    <p class='ocr_par' dir='ltr' id='par_1_19' title="bbox 2117 2552 2160 2584">
     <span class='ocr_line' id='line_1_100' title="bbox 2117 2552 2160 2584; baseline 0 0"><span class='ocrx_word' id='word_1_817' title='bbox 2117 2552 2160 2584; x_wconf 84' lang='grc'>40</span> 
     </span>
    </p>
   </div>
   <div class='ocr_carea' id='block_1_17' title="bbox 2117 2798 2158 2833">
    <p class='ocr_par' dir='ltr' id='par_1_20' title="bbox 2117 2798 2158 2833">
     <span class='ocr_line' id='line_1_101' title="bbox 2117 2798 2158 2833; baseline -0.024 0"><span class='ocrx_word' id='word_1_818' title='bbox 2117 2798 2158 2833; x_wconf 85' lang='grc'>45</span> 
     </span>
    </p>
   </div>
  </div>
 </body>
</html>
