2196 3424
95 2288 143 2307 um,
161 2283 197 2303 110

274 240 292 275 8
821 228 1101 267 MATTHAEI
1128 224 1198 262 DE
1228 223 1575 261 GRIFFONIBUS
1811 226 1895 262 [ΛΑ.
1916 228 2103 264 1219-12201

357 371 410 403 Eo
433 379 518 401 anno
541 366 778 399 translatatum
793 362 874 407 fuit
894 361 1079 394 Bononiam
1087 358 1212 403 forum
1227 357 1321 390 Reni
1332 357 1368 389 in
1383 356 1554 388 civitatem
1569 355 1606 387 in
1623 354 1751 398 Campo
1770 354 1929 397 Asercati,
1946 355 2105 399 quodfie-

266 425 322 456 bat
343 424 430 456 iusta
452 425 565 453 sancta
587 418 838 451 Bartolomeum
861 416 902 447 de
924 414 1030 447 Reno.

354 476 408 507 Eo
430 485 515 506 anno
539 471 759 506 Bononienses
781 469 1016 512 equitaverunt
1036 468 1140 509 super
1165 463 1333 497 Ymollam
1348 466 1382 494 et
1395 465 1559 494 steterunt
1573 461 1624 494 ibi
1635 472 1709 494 cum
1725 471 1854 504 magno
1870 462 2033 494 exsercitu
2039 460 2105 505 sa-

265 530 386 561 cientes
408 527 456 559 ibi
477 527 617 568 Pasqua
639 527 796 556 rosatam.

351 581 405 613 Eo
428 579 512 611 anno
535 577 721 609 molendina
734 574 884 618 suerunt
896 572 1001 618 sacta
1023 573 1059 604 in
1082 571 1255 613 Navigio.
2151 566 2170 599 5

350 633 437 665 Item
461 643 496 663 eo
519 641 605 662 anno
628 629 727 661 multi
746 627 966 660 Bononienses
988 626 1123 658 iverunt
1144 623 1237 656 ultra
1259 633 1355 655 mare
1377 626 1411 654 et
1432 621 1598 655 Damiata
1613 623 1716 665 capta
1723 620 1803 666 fuit
1818 631 1839 653 a
1861 620 2054 654 christianis
2075 625 2109 653 et

266 687 448 720 Federicus
470 687 644 716 coronatas
667 685 725 713 est.

353 737 428 771 MC
429 736 544 769 CXX
561 754 601 758 ——
627 734 822 767 Guilielmus
845 733 885 765 de
907 731 1066 764 Posterla
1089 731 1130 762 de
1153 729 1346 762 Mediolano
1360 727 1441 772 fuit
1462 731 1610 771 potestas
1633 727 1816 759 Bononiae.

350 792 405 823 Eo
428 801 513 822 anno
543 789 678 831 incepta
699 786 780 831 ficit
809 797 830 818 a
861 786 1033 828 magistro
1071 784 1216 817 Ventura
1246 786 1350 826 porta
1381 792 1581 824 marmorea,
1613 780 1739 813 scilicet
1767 780 1925 823 Leonum,
1957 780 2111 813 ecclesiae

265 844 391 888 maj'ori
410 843 520 875 saneti
538 841 649 874 Petri.
2134 834 2174 866 10

352 897 407 929 Eo
430 906 515 928 anno
537 894 721 926 Federicus
743 902 898 925 coronam
921 891 1052 934 inperii
1070 890 1191 922 sucesit
1204 900 1227 921 a
1241 891 1340 932 papa
1355 887 1510 921 Adriano
1533 887 1665 920 Romae
1686 888 1722 920 in
1737 887 1792 919 die
1805 891 1940 920 sanctae
1957 886 2110 920 Cteilliae

265 955 297 983 et
319 950 462 983 intravit
482 947 678 980 Bononiam.

358 1000 563 1035 MCCXXI
581 1018 621 1022 —-
648 998 834 1042 Guifredus
856 998 897 1029 de
919 996 1097 1030 Pirovallo
1122 999 1269 1039 potestas
1292 994 1476 1027 Bononiae.

352 1056 407 1088 Eo
430 1065 515 1086 anno
538 1054 673 1095 incepta
686 1050 767 1095 fuit
788 1051 923 1083 ecclesia
944 1050 1054 1082 sancti
1073 1049 1237 1081 Francisi
1247 1047 1411 1092 fratrum
1435 1048 1610 1080 Mi'norum
1633 1048 1674 1079 de
1696 1047 1730 1080 la
1753 1046 1887 1080 Puiola.

354 1109 409 1141 Eo
431 1117 516 1139 anno
539 1106 631 1137 obuit
651 1109 800 1136 sanctum
823 1103 1031 1136 Dominio-us.
2137 1098 2175 1132 15

354 1159 586 1194 MCCXXIJ
604 1177 645 1181 --
667 1157 832 1190 Dominus
856 1155 1044 1200 Gui'fredus
1067 1156 1108 1187 de
1130 1155 1309 1188 Pirovallo
1332 1158 1480 1198 potestas
1503 1154 1697 1197 Bononiae}
2135 1200 2140 1204 ¹

353 1212 580 1247 M.CCXXII.
605 1230 646 1234 —
669 1211 905 1244 Bononienses
927 1209 1088 1242 fecerunt
1112 1209 1301 1241 exercitum
1327 1214 1447 1241 contra
1463 1208 1637 1240 civitatem
1655 1207 1782 1240 Imolae
1800 1213 1834 1240 et
1857 1206 1982 1240 multos
2002 1207 2109 1240 inter-

265 1269 425 1301 fecerunt
448 1272 483 1299 et
513 1266 733 1298 obtinuerunt
764 1263 936 1296 civitatem
972 1268 1006 1295 et
1039 1262 1201 1295 fecerunt
1230 1262 1359 1304 portari
1389 1261 1566 1294 Bononiae
1596 1267 1713 1304 portas
1740 1261 1888 1294 civitatis
1911 1260 2040 1293 Imolae
2076 1265 2113 1293 et

266 1332 384 1354 omnes
407 1320 514 1352 fossas
537 1318 686 1360 splanari
710 1317 880 1349 fecerunt.
2118 1339 2124 1346 .

356 1373 487 1406 Eodem
511 1381 611 1410 anno,
636 1371 679 1402 de
703 1381 820 1402 mense
844 1369 989 1413 augusti.
1007 1387 1048 1391 -—
1065 1367 1238 1411 Apparuit
1260 1369 1296 1400 in
1322 1369 1420 1401 coelo
1444 1369 1613 1411 quaedam
1637 1367 1736 1401 stella
1758 1368 1795 1399 in
1818 1367 2003 1400 occidente
2032 1377 2111 1399 cum
2135 1366 2178 1397 20

266 1437 390 1471 magno
413 1425 595 1468 splendore
619 1430 653 1456 et
677 1434 754 1455 cum
778 1433 902 1466 magna
926 1422 1037 1454 cauda
1061 1428 1096 1454 et
1118 1427 1343 1454 terraemotus
1365 1433 1510 1465 magnus
1532 1421 1599 1454 fuit
1621 1421 1707 1453 hora
1729 1420 1876 1463 prandii.

353 1477 598 1512 M.CCXXIII.
622 1495 664 1499 -—
688 1476 835 1508 Sanctus
858 1476 887 1508 F
888 1475 1065 1508 ranciscus
1088 1475 1132 1507 de
1156 1475 1289 1508 Ordine
1319 1475 1465 1508 fratrum
1499 1474 1674 1507 Minorum
1704 1474 1817 1516 primo
1839 1473 2055 1516 praedicavit
2076 1472 2113 1505 in

267 1533 382 1576 platea
404 1531 558 1564 comunis
579 1529 765 1562 Bononiae.

356 1585 489 1617 Eodem
513 1579 613 1616 anno.
638 1601 679 1605 —-
701 1582 868 1614 Dominus
889 1581 1042 1615 Ubertus
1066 1582 1109 1614 de
1133 1581 1249 1625 Ugine
1273 1581 1341 1614 fuit
1363 1587 1515 1623 potestas
1537 1581 1726 1614 Bononiae.

354 1638 486 1670 Eodem
510 1646 610 1669 anno.
633 1637 676 1658 ¹-—
707 1635 803 1677 Papa
831 1635 1005 1667 Honorius
1036 1641 1071 1667 et
1102 1635 1289 1677 imperator
1322 1635 1514 1667 Federicus
1545 1645 1624 1667 cum
1655 1644 1738 1678 rege
1769 1633 1925 1676 Johanne
1961 1639 1997 1666 et
2024 1642 2114 1664 mar-
2136 1629 2177 1663 25

268 1692 392 1724 chione
415 1690 550 1722 Estensi
572 1689 713 1722 fuerunt
736 1688 913 1721 Ferrariae
938 1688 983 1721 ad
1005 1688 1327 1730 parlamentandum
1351 1698 1455 1731 super
1477 1688 1573 1720 facto
1598 1688 1730 1720 Crucis.

354 1744 486 1776 Eodem
510 1752 610 1775 anno.
634 1741 749 1773 —In
779 1741 835 1774 die
866 1741 1064 1774 Nativitatis
1092 1741 1233 1773 Domini
1262 1741 1371 1774 nostri
1405 1740 1488 1783 Jesu
1527 1740 1655 1774 Christi
1687 1740 1754 1773 fuit
1784 1740 1952 1773 maximus
1986 1744 2115 1772 terrae-

267 1803 387 1830 motus.

354 1850 487 1883 Eodem
510 1859 610 1882 anno.
635 1867 676 1872 -—
700 1849 780 1882 Fuit
803 1848 898 1882 facta
922 1848 1044 1881 divisio
1067 1853 1235 1881 terrarum
1263 1848 1446 1880 comitatus
1474 1847 1651 1881 Bononiae
1682 1858 1746 1890 per
1769 1846 1954 1890 quarteria,
1979 1845 2116 1879 scilicet

267 1909 384 1946 portae
407 1903 538 1941 Novae,
567 1908 686 1944 portae
710 1901 803 1934 Steri
826 1907 861 1934 et
883 1901 993 1934 sancti
1025 1901 1190 1950 Cassiani,
1215 1901 1309 1943 quod
1332 1901 1436 1933 modo
1459 1907 1603 1933 vocatur
1625 1906 1726 1943 porta
1749 1900 1860 1933 sancti
1882 1899 1994 1938 Petri.
2013 1904 2115 1941 porta
2138 1898 2181 1930 30

267 1956 376 1988 sancti
398 1955 538 1988 Proculi
561 1961 596 1988 et
617 1960 717 1997 porta
738 1954 945 1992 Ravenatis;
970 1960 1005 1986 et
1028 1954 1072 1986 de
1096 1953 1163 1986 hoc
1180 1959 1325 1996 apparet
1348 1953 1520 1995 scriptura
1541 1953 1578 1985 in
1601 1953 1743 1986 archivo
1767 1952 1932 1985 comunis.

354 2008 615 2042 M.CCXXIIII.
634 2001 680 2030 ⁷—-
702 2007 870 2040 Dominus
893 2007 1099 2040 Guilielmus
1123 2007 1167 2039 de
1190 2007 1300 2039 Borra
1322 2006 1389 2039 fuit
1411 2012 1561 2049 potestas
1584 2007 1771 2051 Bononiae.
1815 2032 1817 2034 .

355 2062 487 2095 Eodem
509 2071 609 2094 anno.
634 2079 676 2084 —-
698 2061 865 2093 Dominus
888 2054 1073 2103 Johannes‚
1097 2071 1159 2092 rex
1179 2060 1383 2103 Jerusalem,
1402 2070 1480 2092 cum
1498 2059 1570 2102 ejus
1592 2069 1698 2092 uxore
1722 2059 1863 2092 intravit
1886 2058 2089 2091 Bononiam.

358 2115 492 2148 Eodem
515 2124 615 2147 anno.
640 2132 682 2136 —
705 2113 835 2156 Sapina
858 2113 1032 2146 conducta
1055 2113 1122 2146 fuit
1143 2124 1209 2156 per
1231 2118 1371 2145 stratam
1395 2112 1592 2146 Castilionis
1613 2113 1650 2144 in
1673 2113 1839 2145 Bononia.

356 2168 584 2201 M.CCXXV.
608 2186 650 2190 --
672 2167 839 2199 Dominus
861 2165 935 2199 Pax
957 2167 1120 2199 Bocatius
1143 2166 1211 2199 fuit
1232 2172 1385 2209 potestas
1408 2166 1595 2198 Bononiae.
2139 2162 2181 2196 35

356 2221 488 2253 Eodem
511 2230 612 2253 anno.
637 2238 678 2243 —
702 2220 891 2262 Imperator
912 2219 1105 2268 Federicus
1127 2219 1306 2252 interdixit
1329 2218 1490 2252 Studium
1522 2219 1559 2251 in
1590 2219 1748 2252 Bononia
1779 2225 1813 2251 et
1839 2218 2020 2262 praecepit
2042 2227 2121 2250 sco—

270 2274 397 2306 laribus
430 2273 644 2307 studentibus
678 2272 854 2305 Bononiae
889 2273 983 2315 quod
1014 2272 1222 2305 recederent
1254 2273 1299 2305 de
1332 2272 1490 2305 Bononia
1520 2277 1555 2305 et
1584 2273 1676 2305 irent
1706 2272 1752 2304 ad
1778 2269 2001 2305 studendum'
2023 2270 2116 2303 Nea-

270 2327 386 2369 polim.

357 2379 490 2412 Eodem
513 2389 614 2411 anno.
638 2397 679 2401 —
703 2379 783 2411 Fuit
804 2378 952 2411 maxima
974 2378 1164 2411 mortalitas
1186 2378 1222 2410 in
1245 2378 1356 2412 bobus
1379 2383 1414 2411 et
1437 2378 1514 2411 talis
1537 2378 1642 2421 quod,
1666 2377 1726 2411 ubi
1748 2378 1826 2417 fuit,
1849 2377 1980 2410 modici
2009 2376 2116 2410 boves

270 2431 319 2464 ibi
341 2437 588 2464 remanserunt.
2140 2429 2182 2461 40

356 2484 406 2517 Μ.
409 2484 602 2518 CCXXVI.
626 2502 668 2508 —
690 2485 857 2517 Dominus
881 2484 1057 2518 Gerardus
1081 2484 1273 2528 Rangonus
1298 2485 1341 2518 de
1365 2484 1503 2518 Mutina
1525 2484 1593 2517 fuit
1615 2489 1767 2527 potestas
1790 2479 1980 2517 Bononiae.

357 2538 491 2570 Eodem
515 2547 616 2570 anno.
639 2555 681 2560 —-
712 2537 835 2570 Dictus
866 2538 1054 2580 imperator
1087 2538 1183 2571 venit
1213 2538 1419 2571 Ravennam
1451 2543 1486 2570 et
1519 2538 1606 2571 fecit
1640 2538 1689 2571 ibi
1711 2537 1823 2570 Pasca
1839 2536 2118 2570 Resurrectionis

271 2589 409 2622 Domini
432 2590 547 2622 nostri.
592 2589 717 2623 Postea
739 2591 835 2623 venit
858 2591 1012 2630 Imolam,
1036 2597 1157 2633 postea
1178 2591 1241 2624 ivit
1256 2590 1482 2630 Medicinam,
1506 2596 1626 2633 postea
1649 2591 1807 2623 transivit
1827 2589 1924 2633 juxta
1947 2588 2115 2622 Sanctum

270 2642 460 2684 johannem
482 2643 520 2676 in
541 2641 718 2675 Persiceto
742 2649 777 2676 et
799 2643 989 2685 hospitatus
1011 2644 1078 2676 fuit
1100 2644 1149 2677 ibi
1172 2650 1268 2676 extra
1292 2650 1440 2676 castrum
1469 2643 1590 2676 Sancti
1613 2643 1788 2686 Johannis.
1833 2642 1971 2675 Deinde
1994 2642 2058 2675 ivit
2080 2641 2118 2674 in

269 2694 510 2728 Lombardiam
534 2701 569 2728 et
590 2706 653 2738 per
678 2696 745 2728 Dei
775 2696 919 2739 gratiam
943 2696 1050 2728 nichil
1073 2697 1185 2739 potuit
1207 2697 1326 2729 facere
1351 2697 1394 2729 de
1422 2707 1475 2736 eo,
1507 2697 1600 2739 quod
1622 2696 1773 2729 habebat
1802 2696 1838 2727 in
1863 2695 1968 2728 corde
1998 2701 2034 2728 et
2065 2694 2117 2727 di·
2141 2692 2182 2726 45

271 2748 390 2781 scessit
405 2748 448 2780 de
471 2749 543 2781 istis
565 2749 718 2791 partibus
741 2755 775 2781 et
797 2749 860 2781 ivit
882 2749 918 2781 in
940 2748 1192 2782 Alamanniam.

358 2800 490 2833 Eodem
513 2807 613 2840 anno,
637 2802 694 2834 die
717 2811 787 2843 an
808 2801 968 2835 octobris.
992 2820 1034 2825 -—
1057 2802 1146 2835 Filia
1167 2803 1259 2846 regis
1281 2802 1447 2845 Johannis
1469 2802 1555 2835 obiit
1578 2802 1754 2835 Bononiae
1778 2807 1814 2835 et
1836 2801 1903 2835 fuit
1925 2801 2059 2844 sepulta
2081 2801 2118 2833 in

270 2852 417 2885 ecclesia
437 2853 547 2886 sancti
568 2853 664 2887 Petri
684 2854 836 2897 Majoris.

358 2905 490 2938 Eodem
512 2916 612 2939 anno.
644 2925 686 2930 ——
716 2907 952 2941 Bononienses
974 2909 1140 2942 miserunt
1166 2908 1345 2942 Mantuam
1374 2919 1441 2942 CCL
1465 2909 1598 2952 equites
1625 2914 1659 2942 et
1686 2919 1709 2941 1.
1740 2908 1932 2941 balisterios
1959 2907 2118 2950 expensis

274 2959 426 2991 comunis
448 2959 622 2992 Bononiae
645 2960 681 2992 in
704 2961 879 2995 servitium
902 2961 1188 2996 Lombardorum.
2141 2957 2184 2993 50
