2196 3424
95 212 179 251 ΗΑ·
198 214 389 248 1260-1262]
474 229 476 232 v
682 205 1004 245 MEMORIALE
1031 204 1355 242 HISTORICUM
1596 231 1601 235 .
1891 197 1935 235 15

0 343 7 384 ᾗ
95 341 215 375 Fratta
238 350 282 373 ex
298 339 367 373 alia
381 344 491 382 parte,
507 339 599 373 inter
620 339 761 373 Petrum
784 339 1025 384 Bergadanum
1042 339 1086 372 de
1102 337 1244 372 Abaisio
1261 342 1295 371 et
1311 337 1417 370 filium
1432 335 1582 369 Alixerii
1599 340 1634 368 et
1655 335 1747 368 inter
1762 332 1942 366 Gallucios

0 392 8 439 ᾗ
96 399 131 427 et
158 393 397 426 Carbonenses
420 398 456 426 et
478 393 593 426 factae
617 393 816 436 parentelae
839 394 885 426 ad
907 393 1058 426 invicem
1080 393 1172 425 inter
1187 401 1246 424 eos
1261 401 1324 434 pro
1338 391 1430 424 bona
1443 401 1532 433 pace
1552 388 1675 421 melius
1691 385 1939 420 conservanda.

0 442 6 486 ζ
183 446 318 479 Eodem
341 455 442 478 anno.
466 465 508 470 —-
531 446 702 491 Ugolinus
723 446 955 490 Bonjohannis
979 446 1022 479 de
1047 445 1235 489 Saragocia
1258 449 1293 477 et
1315 444 1485 488 Ugolinus
1508 443 1552 475 de
1576 441 1730 475 Forlivio
1755 439 1939 473 occasione

0 501 6 544 ξ
94 504 252 533 monetae
276 498 384 531 falsae
407 499 475 531 arsi
498 499 650 531 fuemnt.

49 551 68 585 5
181 552 316 585 Eodem
333 561 422 584 anno
442 552 535 584 1260.
553 571 594 575 -
610 553 777 585 Dominus
793 552 999 585 Guilielmus
1015 551 1184 585 Guidonis
1200 551 1309 595 Zagni
1325 550 1423 583 miles
1439 549 1496 582 die
1511 548 1632 581 ultimo
1650 546 1737 590 junii
1752 546 1819 578 fuit
1834 545 1938 578 valde

0 639 4 649 ⁸
92 604 280 638 honorifice
304 604 457 647 sepultus
480 615 559 637 cum
582 605 792 638 baldachino
816 611 850 638 et
873 605 948 637 aliis
970 605 1006 637 in
1030 604 1180 637 ecclesia
1202 603 1312 636 sancti
1335 602 1457 646 Jacobi
1481 602 1525 634 de
1549 600 1688 643 Sapina.

0 652 9 706 ξ
180 658 315 691 Eodem
332 668 432 697 anno,
450 658 494 690 de
510 669 627 691 mense
642 658 728 701 julii.
746 677 787 681 —
802 647 882 691 Fuit
897 658 1066 701 proelium
1082 658 1174 690 inter
1188 656 1403 689 Bernardum
1421 655 1465 688 de
1481 654 1626 687 Rasuris
1641 657 1676 685 et
1688 662 1766 685 suos
1783 662 1827 684 ex
1841 656 1940 694 parte

0 706 7 763 ξ
93 722 162 744 una
185 716 221 744 et
243 710 435 754 Johannem
459 711 503 743 de
527 711 731 744 Castellanis
746 717 781 744 et
804 721 882 744 suos
905 722 948 743 ex
970 711 1038 743 alia
1060 715 1169 753 parte,
1187 715 1222 742 et
1237 709 1303 741 fuit
1320 709 1363 741 de
1380 713 1483 741 nocte
1505 707 1542 739 in
1558 710 1664 739 strata
1678 705 1789 738 sancti
1805 704 1939 737 Vitalis.

0 771 2 774 ’
179 764 315 797 Eodem
338 774 438 797 anno.
463 783 504 787 —
528 765 651 797 Frater
673 764 832 808 Jacobus‚
856 765 1037 807 episcopus
1059 763 1235 796 Bononiae
1253 767 1287 795 et
1302 762 1390 794 filius
1407 760 1576 794 Guidonis
1592 758 1805 796 Boncambii,
1828 757 1940 790 subito

0 818 3 839 ἶ
29 817 68 851 10
92 816 223 851 cecidit
247 816 291 850 de
315 817 418 850 domo
442 828 502 850 sua
519 818 563 850 de
579 817 813 850 Massimatico
830 823 865 850 et
880 822 1033 850 mortuus
1048 817 1115 849 fuit
1129 821 1284 859 portatus
1298 815 1498 848 Bononiam.
1545 811 1651 856 Cujus
1666 811 1746 844 loco
1763 810 1831 843 fuit
1847 810 1942 843 elec-

0 873 1 876 ’
89 875 144 904 tus
167 870 349 913 episcopus
371 870 548 903 Bononiae
572 870 730 903 dominus
753 870 942 903 Otavianus
965 871 1008 903 de
1032 869 1226 902 Ubaldinis.

179 922 314 956 Eodem
337 933 437 956 anno.
462 942 503 947 —
525 923 692 956 Dominus
708 923 825 956 Nisius
841 923 884 956 de
902 922 1113 962 Gan‘sendis,
1137 922 1358 966 Zimignanus
1382 921 1426 953 de
1448 919 1627 952 Balduinis
1650 923 1685 951 et
1707 917 1871 950 Polionus
1894 915 1940 948 de

90 975 278 1019 Gocadinis
292 981 326 1008 et
343 976 501 1010 dominus
523 976 734 1010 Rambertus
749 977 793 1009 de
811 976 1003 1010 Ghisileriis
1018 975 1111 1008 missi
1126 975 1266 1007 fuerunt
1289 973 1539 1007 ambaxiatores
1561 973 1607 1005 ad
1622 971 1798 1004 dominum
1813 979 1940 1012 papam

0 1044 3 1050 =
89 1030 133 1062 de
156 1039 273 1062 mense
296 1029 432 1073 augusti
454 1039 519 1072 pro
541 1035 639 1072 parte
663 1028 830 1062 comunis'
852 1029 1027 1062 Bononiae
1045 1034 1081 1061 et
1104 1027 1217 1061 dictus
1236 1028 1457 1071 Zimignanus
1474 1026 1588 1059 eundo
1605 1024 1764 1058 decessit.

0 1076 5 1112 l*
26 1080 65 1116 15
178 1081 384 1115 M.CCLXI.
409 1101 450 1105 —
473 1082 641 1115 Dominus
662 1082 844 1115 Mathaeus
867 1082 911 1115 de
935 1082 1076 1126 Corigio
1099 1081 1166 1113 fuit
1187 1086 1338 1123 potestas
1360 1079 1547 1112 Bononiae.

0 1143 1 1146 ’
179 1134 314 1168 Eodem
338 1144 439 1168 anno.
463 1153 505 1158 —
522 1134 770 1168 Consacratum
793 1135 860 1168 fuit
882 1135 989 1168 altare
1013 1134 1124 1167 sancti
1146 1133 1243 1166 Petri
1266 1144 1330 1175 per
1353 1132 1528 1165 dominum
1546 1130 1759 1164 cardinalem
1783 1129 1941 1162 Ottavia-

91 1199 172 1220 num
197 1193 232 1221 et
254 1188 555 1231 archiepiscopum
577 1189 830 1228 Ravennatem,
854 1189 1054 1231 episcopum
1070 1188 1257 1220 Barensem
1281 1191 1316 1219 et
1338 1195 1408 1227 an
1430 1185 1515 1218 alios
1530 1185 1711 1227 episcopos
1734 1189 1769 1216 et
1795 1182 1943 1225 quilibet

88 1241 240 1284 ipsorum
264 1242 361 1275 dedit
383 1242 450 1284 ipsi
476 1242 575 1275 altari
605 1242 855 1287 indulgentiam
878 1242 978 1274 unius
1000 1241 1082 1274 anni
1105 1246 1140 1273 et
1162 1250 1211 1274 x1.
1235 1240 1368 1272 dierum
1393 1245 1427 1271 et
1451 1238 1551 1270 durat
1574 1247 1624 1269 xv
1649 1236 1780 1269 diebus.

0 1335 2 1342 ἰ
177 1294 311 1327 Eodem
335 1305 435 1327 anno.
464 1314 505 1318 —
536 1295 702 1328 Dominus
727 1295 912 1338 Johannes,
942 1295 1032 1326 filius
1062 1293 1143 1326 olim
1175 1292 1306 1326 domini
1338 1291 1509 1325 Guidonis
1541 1291 1585 1323 de
1617 1289 1846 1327 Griffonibus,
1869 1288 1938 1320 fuit

0 1348 66 1395 32⁰
90 1353 340 1381 conventuatus
361 1348 398 1380 in
420 1348 555 1392 legibus
585 1354 620 1381 et
651 1348 883 1382 decretalibus
915 1354 950 1381 et
980 1347 1102 1380 eadem
1133 1346 1189 1379 die
1222 1346 1318 1379 duxit
1340 1346 1377 1377 in
1400 1354 1542 1377 uxorem
1575 1343 1748 1376 dominam
1777 1342 1939 1380 Doctam‚

89 1400 193 1434 filiam
215 1399 383 1434 Anthonii
412 1399 606 1435 Arditionis
634 1402 758 1446 Lacari
789 1402 833 1434 de
856 1401 1073 1439 Blanchittis,
1097 1405 1132 1433 et
1162 1399 1292 1432 factum
1316 1399 1384 1431 fuit
1414 1408 1575 1442 magnum
1606 1396 1733 1429 festum
1756 1395 1942 1428 occasione

89 1453 196 1496 ipsius
219 1459 409 1487 conventus
416 1466 426 1492 ;
451 1460 486 1487 et
508 1455 575 1488 hoc
599 1455 666 1488 fuit
690 1455 746 1488 die
769 1465 814 1496 11J
836 1454 968 1487 marcii.

178 1506 313 1539 Eodem
336 1517 438 1546 anno,
461 1507 498 1539 in
521 1507 611 1540 festo
627 1513 768 1540 sanctae
783 1502 928 1545 Mariae,
945 1506 1071 1539 mensis
1086 1506 1210 1539 martii.
1228 1523 1269 1528 —
1285 1505 1382 1538 Ordo
1398 1504 1539 1536 militiae
1556 1503 1701 1535 fratrum
1725 1501 1846 1534 beatae
1862 1500 1940 1533 Ma-

88 1558 160 1592 riae
182 1559 364 1592 inchoatus
385 1559 453 1593 fuit
474 1570 539 1602 per
560 1560 704 1593 fratrem
726 1560 995 1604 Lodorenghum
1013 1560 1056 1592 de
1070 1558 1221 1596 Andalb,
1239 1558 1487 1590 Gruamontem
1505 1556 1634 1588 domini
1650 1554 1887 1598 Chacanimici
1904 1560 1939 1586 et

23 1611 64 1645 25
89 1612 277 1656 Ugolinum
301 1612 488 1655 Capretum
513 1614 556 1646 de
579 1613 811 1646 Lambertinis
833 1613 959 1646 milites
983 1618 1017 1645 et
1047 1613 1133 1645 alios
1162 1612 1287 1644 milites
1318 1610 1524 1643 lombardos.
1564 1608 1669 1652 Cujus
1700 1607 1842 1641 Ordinis
1872 1607 1939 1639 fuit

89 1666 268 1699 ordinator
290 1666 448 1699 dominus
470 1666 685 1711 Pelegrimus
709 1667 752 1699 de
777 1667 938 1700 Castello.

178 1719 313 1752 Eodem
337 1729 438 1752 anno.
463 1738 504 1742 —
527 1720 696 1752 Dominus
718 1719 905 1753 Mathiolus
929 1720 973 1753 de
997 1719 1153 1752 Galuciis
1177 1718 1335 1752 decessit.

176 1772 311 1805 Eodem
334 1782 436 1805 anno.
453 1790 495 1795 -
512 1772 732 1805 Talamacius
754 1772 915 1816 Jacobini
931 1772 1114 1815 Capellini,
1139 1772 1197 1815 qui
1220 1771 1357 1804 fecerat
1379 1770 1467 1803 mori
1489 1775 1623 1812 patrem
1646 1779 1743 1801 suum
1764 1767 1938 1811 jacentem

0 1864 2 1866 ¹
88 1825 125 1858 in
147 1825 240 1859 lecto
264 1836 342 1858 cum
365 1835 471 1858 uxore
495 1836 565 1864 sua,
589 1825 656 1858 fuit
679 1836 862 1868 suspensus
886 1837 965 1859 cum
982 1836 1081 1870 maca
1105 1831 1139 1858 et
1163 1825 1336 1868 capellina
1358 1824 1404 1857 ad
1427 1823 1554 1856 collum
1585 1828 1620 1855 et
1642 1822 1709 1855 fuit
1731 1821 1939 1864 praelatatus

0 1878 66 1915 330
89 1884 124 1911 et
147 1878 343 1912 combustus
372 1884 408 1911 et
434 1878 507 1921 ejus
528 1879 642 1921 pulvis
664 1878 821 1922 projecta
843 1880 889 1911 ad
912 1885 1063 1912 ventum.
1110 1879 1156 1911 Et
1185 1878 1430 1911 Bonaventura
1451 1876 1643 1908 Talamacii
1666 1875 1732 1907 fuit
1756 1885 1859 1907 causa
1885 1874 1941 1905 fa—

0 1918 5 1976 }
89 1931 207 1964 ciendi
230 1932 308 1974 capi
332 1932 463 1965 dictum
486 1931 735 1965 Talamacium.
782 1932 828 1965 Et
859 1942 1005 1965 comune
1028 1932 1204 1965 Bononiae
1227 1931 1384 1973 promisit
1400 1929 1463 1962 sibi
1482 1929 1576 1961 dicta
1598 1928 1780 1961 occasione
1805 1927 1938 1960 solvere

89 1994 132 2017 cc
155 1984 260 2017 libras
275 1983 536 2018 bononinorum.
581 1985 717 2018 Tamen
744 1985 788 2018 de
811 1985 886 2028 ipsa
908 1985 1058 2027 pecunia
1073 1984 1180 2018 nichil
1196 1984 1263 2017 fuit
1278 1983 1344 2017 sibi
1367 1983 1495 2020 datum,
1513 1981 1731 2014 considerata
1746 1991 1807 2013 sua
1821 1979 1941 2022 prodi-

87 2037 194 2076 tione,
217 2037 299 2080 quia
320 2037 542 2073 Talamacius
564 2037 708 2070 multum
732 2038 930 2071 confidebat
953 2038 997 2070 de
1020 2038 1096 2080 ipso
1118 2037 1373 2070 Bonaventura.

0 2122 6 2135 s
178 2089 314 2123 Eodem
337 2100 438 2122 anno.
463 2108 505 2112 —
527 2089 686 2123 Mortuus
708 2090 775 2123 fuit
797 2089 1002 2134 Pelegrinus
1031 2090 1209 2122 Guilielmi
1239 2089 1302 2122 sub
1333 2089 1470 2131 porticu
1501 2088 1623 2120 domus
1653 2097 1732 2119 suae
1764 2092 1799 2119 et
1828 2085 1942 2117 nullus

0 2137 2 2143 ’
23 2140 65 2174 35
88 2142 200 2185 potuit
222 2142 311 2175 scire
335 2143 412 2185 quis
433 2142 540 2175 fuerit
563 2143 622 2186 qui
644 2143 756 2185 ipsum
779 2143 951 2176 occiderit
958 2155 968 2181 3
992 2149 1108 2176 tamen
1131 2142 1230 2175 multi
1253 2142 1297 2174 de
1321 2142 1396 2184 ipsa
1418 2147 1527 2173 morte
1552 2139 1682 2182 culpati
1705 2139 1856 2172 fuerunt.

110 2237 117 2241 .
177 2195 312 2228 Eodem
336 2205 437 2228 anno.
462 2213 505 2218 —-
528 2196 656 2228 Factae
680 2195 822 2228 fuerunt
844 2196 971 2228 multae
995 2195 1152 2228 robariae
1176 2196 1212 2227 in
1236 2194 1394 2227 Bononia
1424 2200 1579 2236 tempore
1611 2192 1724 2225 noctis
1753 2203 1817 2234 per
1839 2200 1942 2234 quos-

90 2247 170 2280 dam
192 2248 338 2292 juvenes
359 2248 493 2281 nobiles
519 2248 630 2281 malae
660 2249 869 2282 conditionis
900 2254 934 2281 et
965 2248 1078 2280 nullus
1105 2254 1242 2291 poterat
1266 2248 1419 2291 cogitare
1451 2247 1528 2289 quis
1558 2251 1657 2278 esset.
1705 2244 1777 2278 Sed
1810 2243 1942 2277 accidit

89 2301 184 2344 quod
205 2301 272 2343 ipsi
294 2312 364 2334 una
386 2307 489 2334 nocte
514 2301 695 2345 fregerunt
711 2302 892 2335 stationem
908 2301 1115 2334 Lamandini
1132 2301 1293 2344 speciarii
1317 2307 1352 2333 et
1374 2299 1547 2333 Landucii
1564 2299 1608 2331 de
1626 2298 1841 2331 Garzonibus
1863 2307 1940 2339 spe-

90 2353 198 2393 ciarii,
223 2364 310 2397 quae
335 2360 434 2387 erant
455 2354 605 2387 invicem
630 2354 812 2398 contiguae
837 2359 872 2387 et
895 2360 1008 2387 certas
1038 2354 1121 2386 alias
1153 2354 1316 2386 stationes
1339 2359 1374 2386 et
1396 2352 1546 2384 finaliter
1572 2351 1731 2384 dominus
1759 2350 1942 2383 Mathaeus

0 2443 2 2445 ,
25 2406 67 2438 40
88 2412 241 2448 potestas
263 2413 395 2440 tantum
419 2406 507 2440 fecit
530 2407 623 2449 quod
646 2407 766 2440 habuit
788 2407 1041 2445 malefactores,
1073 2406 1239 2439 videlicet
1262 2405 1519 2447 infrascriptos:
1544 2404 1717 2436 Romeum
1741 2409 1776 2436 et
1798 2402 1940 2435 Petrum

90 2459 135 2492 de
151 2459 375 2498 Tetalaxinis,
391 2458 574 2493 Albertum
592 2461 635 2493 de
653 2460 985 2504 Scogocaprevedis,
1009 2459 1182 2493 Dalfinum
1199 2460 1243 2492 de
1258 2458 1424 2491 Asinellis
1441 2464 1475 2490 et
1497 2457 1627 2490 Turam
1652 2456 1871 2500 calcolarum.
1895 2455 1942 2488 Et

91 2521 212 2545 omnes
234 2512 375 2545 fuerunt
398 2513 565 2556 suspensi.

179 2565 403 2599 M.CCLXII.
421 2584 464 2589 -
485 2567 654 2599 Dominus
668 2565 830 2599 Andreas
845 2567 940 2599 Zeno
964 2567 1008 2599 de
1025 2566 1184 2600 Venetiis
1206 2566 1272 2599 fuit
1295 2571 1446 2609 potestas
1461 2564 1650 2598 Bononiae.

179 2618 314 2651 Eodem
336 2628 438 2651 anno.
463 2637 504 2642 —
529 2618 687 2652 Societas
709 2619 911 2652 Batutorum
942 2619 1118 2652 Bononiae
1151 2630 1229 2652 cum
1254 2619 1366 2652 cereis
1397 2624 1432 2651 et
1454 2628 1523 2650 una
1549 2627 1701 2659 purpure
1733 2616 1870 2648 iverunt
1896 2615 1942 2647 ad

0 2685 5 2713 z*
24 2668 66 2703 45
90 2670 256 2704 Sanctum
272 2671 503 2715 Jeminianum
528 2672 572 2704 de
595 2672 742 2705 Mutina.
788 2673 835 2705 Et
857 2672 988 2705 antiani
1012 2678 1047 2705 et
1069 2672 1217 2714 populus
1239 2682 1281 2704 ac
1305 2671 1489 2714 episcopus
1510 2670 1666 2702 Mutinae
1690 2674 1861 2701 venerunt
1892 2668 1942 2700 eis

0 2763 5 2772 ‚-
91 2723 227 2757 obviam
250 2734 359 2767 usque
382 2725 429 2757 ad
451 2724 788 2758 Castrum'Leonem
812 2736 891 2758 cum
914 2735 1040 2769 magno
1063 2725 1204 2757 honore.
1251 2725 1297 2757 Et
1314 2725 1486 2757 duxerunt
1501 2724 1593 2765 ipsos
1607 2723 1644 2754 in
1667 2722 1843 2754 civitatem
1859 2720 1940 2753 Mu-

0 2776 4 2823 }
89 2776 193 2809 tinae.
239 2777 284 2810 Et
307 2777 532 2810 ostenderunt
555 2778 605 2810 eis
627 2777 807 2811 brachium
830 2779 941 2811 sancti
964 2778 1159 2821 Jeminiani,
1191 2777 1287 2821 cujus
1318 2777 1522 2809 ostensionis
1553 2786 1655 2808 causa
1685 2774 1855 2818 quaedam
1880 2774 1942 2806 do-

89 2829 191 2869 mina,
214 2840 302 2874 quae
326 2837 400 2864 erat
423 2831 650 2870 daemoniata‚
674 2831 872 2865 videntibus
895 2832 1053 2865 omnibus
1076 2831 1143 2864 fuit
1166 2831 1261 2864 illico
1285 2831 1441 2864 liberata.

182 2966 214 2994 32
234 2960 343 2994 marcii]
356 2962 451 2994 prima
469 2962 613 2994 leggevasi
630 2962 729 2995 aprilis
748 2970 761 2986 e
771 2963 811 2997 [ιι
830 2963 976 2988 cancellato

2043 1034 2093 1052 υι..
2109 1028 2145 1050 11⁷

2014 2571 2101 2593 :abb
