2196 3424
20 962 95 999 ,10

57 1227 95 1262 ι5

58 1883 101 1918 25

58 2151 103 2185 30

832 173 886 211 IN
887 174 1237 211 TRODUZIONE

687 302 770 337 Alta
792 304 860 337 dea
882 304 927 337 de
951 303 1049 337 vertu
1070 313 1140 336 non
1162 313 1226 346 per
1248 303 1350 336 salire

686 356 733 390 Se
755 367 820 399 per
841 356 951 389 servir
973 355 1052 389 liale

687 409 800 442 Liona
820 409 891 442 mai
913 409 942 442 si
966 409 1074 442 cruda
1094 419 1165 442 non
1187 419 1224 442 se
1246 409 1328 442 vide

689 462 806 496 Vazzo
828 468 904 496 tore
927 461 961 495 lo
983 472 1022 495 so
1046 461 1174 495 dilecto
1196 462 1276 495 vole

691 515 799 549 Serva
821 525 949 548 zascun
971 516 1018 547 fin
1042 514 1107 548 che
1130 515 1272 548 fortuna
1296 515 1396 548 l'ama
1409 515 1430 548 ¹.

201 615 354 670 *Inoltre
382 615 432 650 ho
459 619 610 651 trovato
639 614 760 650 alcuni
786 614 995 650 frammenti
1023 626 1047 649 o

1074 614 1258 661 tentativi,
1287 613 1325 650 la
1351 613 1426 649 fine
1452 613 1549 650 della
1575 615 1703 662 poesia

733 715 864 754 Zuroti‚
881 715 1008 754 donna,
1030 725 1095 758 per
1116 715 1150 747 la
1171 715 1254 748 fede
1276 715 1356 754 mia,

115 828 137 853 e
164 821 292 865 questa
318 815 465 852 diversa
493 828 514 851 e
542 815 793 863 perfezionata
819 814 1019 851 redazione
1047 813 1144 851 della
1172 813 1475 861 corrispondente
1505 815 1567 862 gia
1594 820 1702 852 nota:

650 906 732 940 Non
754 911 848 940 tema
871 906 894 938 ’l
916 906 1018 950 spino
1041 906 1102 939 chi
1124 905 1183 939 vol
1207 906 1326 950 cogler
1347 906 1443 945 flore,

605 959 680 993 Che
702 959 817 1004 poche
839 959 933 993 volte
957 969 1075 993 amore

604 1014 687 1054 Zoa,
710 1025 756 1047 ne
777 1013 823 1046 da
844 1013 966 1056 piacet
988 1023 1091 1046 senza
1114 1013 1242 1046 dolore.

645 1066 789 1101 Vedess'
812 1067 850 1100 in
874 1067 991 1100 donna
1013 1066 1083 1100 mai
1105 1072 1203 1100 tanta
1226 1066 1370 1099 dolceza

605 1120 799 1155 Ch’alcuna
820 1121 914 1154 volta
936 1130 1007 1153 non
1029 1120 1122 1153 fosse
1146 1119 1315 1153 crudele?

605 1175 658 1208 De
682 1184 724 1207 zo
747 1174 909 1208 l'amante
933 1173 988 1207 de’
1011 1174 1165 1216 prender
1186 1183 1316 1217 vageza

485 1240 496 1272 χ
604 1228 636 1261 Ε
659 1233 790 1272 quanto
812 1232 865 1260 sta
887 1226 948 1270 piu
972 1227 1083 1260 cruda
1106 1236 1184 1260 eser
1205 1226 1354 1260 humele.

606 1282 638 1314 E
661 1292 698 1315 se
721 1280 744 1313 'l
767 1290 837 1314 non
861 1280 1012 1314 mancha
1035 1279 1173 1314 d’eserli
1196 1279 1315 1313 fedele

604 1334 677 1367 Ara
698 1335 807 1368 frutto
831 1333 986 1368 d'amore

606 1387 681 1421 Che
704 1387 848 1421 l’humel
872 1397 973 1421 servo
996 1387 1101 1420 vince
1124 1397 1227 1430 aspro
1250 1387 1401 1431 signore.

225 1488 304 1535 Ma,
333 1499 422 1524 cosa
450 1499 527 1523 non
554 1493 682 1535 saputa
710 1487 842 1533 finora,
871 1486 898 1523 il
927 1486 1087 1523 Griffoni
1115 1486 1155 1523 fu
1182 1487 1300 1523 anche
1327 1491 1441 1534 poeta
1467 1485 1599 1534 latino;
1627 1492 1851 1523 certamente
1887 1487 1968 1522 suoi

121 1612 228 1649 Stato
257 1613 295 1649 di
322 1611 495 1660 Bologna
509 1608 535 1650 ⁹.
589 1611 742 1649 Eccoli:

17 1544 21 1599 '-
51 1555 95 1588 20
122 1563 216 1587 sono
244 1551 363 1599 questi
389 1550 487 1586 vemi
514 1550 583 1587 che
610 1550 661 1586 ho
688 1555 838 1587 trovato
857 1549 953 1586 nella
981 1554 1085 1586 carta
1111 1550 1149 1586 di
1175 1549 1332 1597 guardia
1351 1549 1389 1586 di
1415 1561 1464 1586 un
1491 1549 1623 1586 codice
1641 1548 1912 1586 dell'Archivio
1931 1548 1970 1585 di

519 1722 560 1755 In
581 1722 725 1766 paribus
747 1721 882 1756 meritis
903 1722 1036 1765 pedent
1059 1721 1136 1764 (sic)
1158 1721 1227 1755 tria
1250 1731 1399 1765 corpora
1422 1721 1530 1754 ramis

519 1776 641 1809 Dimas
663 1781 699 1809 et
721 1775 826 1809 iestas
849 1775 887 1808 in
910 1776 1027 1809 medio
1051 1775 1175 1809 divina
1198 1780 1352 1819 potestas

521 1828 604 1863 Alta
626 1829 715 1873 petit
737 1829 848 1863 dimas
870 1829 997 1863 infelix
1018 1829 1138 1862 infima
1160 1829 1265 1863 iestas
1277 1829 1300 1863 ⁸.

520 1883 612 1916 Dum
635 1893 701 1927 ego
724 1893 866 1916 securus
887 1882 1037 1926 periculi
1058 1894 1134 1916 sum
1157 1883 1392 1922 transsiturus,

522 1936 738 1971 Vulneribus
760 1936 878 1980 quinis
899 1947 954 1970 me
979 1946 1072 1976 erue,
1096 1936 1249 1976 Christe,
1272 1936 1384 1970 ruinis
1391 1949 1400 1975 ;

523 1990 679 2025 Vulnera
701 1990 810 2034 quina
831 1990 898 2023 Dei
921 1996 1001 2024 sunt
1023 1990 1207 2024 medecina
1228 1990 1317 2028 mei;

524 2043 604 2077 Sint
626 2043 812 2077 medecina
834 2043 905 2077 mei
927 2043 988 2087 pia
1011 2054 1097 2077 crux
1120 2049 1155 2077 et
1177 2043 1292 2087 passio
1314 2043 1393 2076 Dei.

833 2097 971 2130 Nomen
994 2096 1176 2140 scriptoris

835 2150 1018 2184 Griffonus
1040 2150 1164 2194 plenus
1186 2149 1315 2184 amoris
1327 2149 1351 2184 ⁴.

214 2297 224 2315 ¹
242 2297 348 2329 Queste
366 2299 460 2331 poene
477 2299 583 2325 laedite
600 2299 728 2325 trovanel
745 2300 824 2331 parte
837 2299 882 2324 nel
892 2298 967 2324 libro
981 2298 1027 2324 dei

125 2343 284 2369 Memoriali
298 2350 349 2376 per
364 2342 459 2369 Panno
481 2343 558 2376 1381,
577 2343 691 2369 secondl
708 2344 750 2369 sel
775 2344 854 2376 mesi,
880 2343 926 2368 nel
949 2351 1027 2369 verso

125 2387 157 2413 dl
175 2395 232 2413 una.
248 2389 324 2413 carta
341 2387 441 2414 blanca
457 2395 682 2421 pergamenaeea,
701 2388 755 2414 alla
772 2388 827 2413 fine
844 2387 886 2413 del
912 2386 942 2419 5⁹
961 2395 1028 2420 qua-

125 2431 227 2463 dem03
247 2439 263 2457 e
274 2434 354 2465 parte
365 2432 412 2458 nel
425 2431 439 2446 ⁸
450 2433 537 2458 Liber
548 2433 747 2465 provisionum
759 2432 885 2458 Mathael
898 2433 932 2458 de
951 2431 1028 2458 Grlf-

126 2474 141 2489 “
151 2475 272 2502 sonibus.
291 2476 540 2509 MCCCLxxxn,
553 2484 606 2510 pro
619 2477 723 2510 primis
733 2496 748 2511 „
769 2477 836 2503 Lib.
849 2485 877 2502 n.
891 2483 934 2508 21,
948 2485 971 2502 c.
988 2479 1026 2502 ιδ.

125 2520 267 2546 Ambldue
279 2521 292 2547 1
302 2520 381 2547 codd.
394 2520 545 2547 nell'Arch.
562 2521 592 2547 dl
605 2521 645 2547 St.
658 2522 689 2547 di
701 2521 836 2554 Bolognn.
855 2522 935 2547 Altre
947 2523 1028 2553 quat-

125 2565 172 2590 tro
190 2565 287 2597 poene
305 2566 400 2591 troval
411 2564 562 2591 nell’Areh.
574 2567 674 2592 Notas.
693 2567 759 2591 Non
773 2566 931 2592 eesendoml
944 2573 1027 2598 pareo

124 2610 308 2635 conveniente
324 2609 483 2643 pubblicum
501 2611 551 2643 qul
570 2610 595 2636 le
612 2611 709 2643 poesie
721 2611 826 2637 ine-‚dite
838 2610 881 2635 del
893 2610 1026 2641 Griffoni,

125 2652 154 2678 le⁴
169 2653 239 2680 dub
256 2656 362 2687 quanto
381 2655 475 2687 prima
493 2655 600 2681 alti-ove
618 2655 739 2681 insieme
756 2654 791 2680 ad
808 2662 865 2681 una
883 2655 1027 2687 rsstampa,

125 2699 250 2724 con-etta
261 2698 470 2733 uull'autografo
483 2707 534 2725 ora
546 2701 705 2732 riuvenuto,
718 2699 787 2725 delle
798 2700 868 2726 altre
881 2697 928 2733 gia
944 2699 1027 2724 edite.

215 2741 227 2759 ¹
246 2743 292 2769 Gli
309 2745 410 2770 statuti
436 2744 465 2769 dl
491 2745 617 2778 Bologna
633 2734 678 2770 ‹iel
704 2750 770 2778 1335
796 2744 907 2778 (grosso
931 2744 1028 2769 codice

126 2794 345 2821 pergamenaceo
362 2789 394 2814 ln
411 2788 493 2820 folio,
510 2789 600 2815 lacero
619 2796 634 2814 e
653 2788 765 2822 mutilo)
783 2789 833 2814 che
846 2788 1029 2815 conservansi

125 2831 334 2866 nell'Ax-cluvio,
353 2832 449 2860 hanno
466 2835 497 2859 in
510 2834 564 2859 fine
581 2833 634 2859 due
650 2833 720 2867 fogu
738 2833 769 2859 dl
788 2833 907 2867 guardia
924 2833 956 2859 ln
969 2840 1030 2866 per-

1079 2305 1213 2331 gamena:
1233 2298 1277 2323 nel
1296 2305 1373 2324 verso
1391 2297 1433 2323 del
1451 2298 1544 2330 primo
1563 2304 1578 2323 e
1597 2297 1642 2323 nel
1659 2301 1731 2323 recto
1744 2297 1789 2322 del
1801 2296 1920 2322 secondo
1933 2298 1978 2322 tra

1079 2343 1144 2368 altri
1162 2343 1242 2367 nomi
1260 2343 1353 2368 serltti
1371 2343 1566 2374 oziosamente,
1594 2349 1645 2374 per
1672 2341 1805 2367 eserclzio
1823 2341 1853 2367 dl
1876 2348 1977 2373 penna,

1078 2385 1118 2412 c'e
1136 2387 1223 2412 anche
1241 2389 1353 2420 questo:
1373 2386 1387 2400 ‘¹
1398 2388 1459 2419 Ego
1479 2387 1608 2412 Matheus
1626 2386 1759 2412 Guidutli
1777 2385 1847 2411 ollm
1870 2385 1978 2411 Mathei

1080 2433 1094 2447 κ
1104 2431 1137 2456 de
1155 2431 1330 2457 Griffonibus
1343 2450 1365 2465 η.
1403 2432 1455 2457 Nel
1468 2438 1546 2457 verso
1559 2431 1602 2457 del
1614 2430 1732 2457 secondo
1745 2429 1833 2464 foglio
1846 2430 1917 2456 sono
1929 2430 1980 2462 poi

1079 2477 1090 2501 i
1108 2477 1183 2501 versi
1202 2476 1286 2501 latini
1304 2476 1356 2501 che
1372 2475 1591 2508 pubblichiamo.

1168 2520 1180 2538 3
1198 2520 1253 2545 Fln
1270 2520 1320 2552 qui
1338 2520 1350 2545 1
1369 2520 1443 2545 versi
1462 2527 1534 2545 sono
1552 2519 1626 2545 mal
1644 2519 1747 2545 σηοω-1.

1168 2562 1179 2581 ⁴
1197 2564 1219 2590 11
1237 2565 1359 2590 Rmnuu
1378 2562 1519 2598 (Memoria
1536 2564 1663 2589 Istorn'cke
1680 2564 1808 2589 attinenti
1824 2563 1980 2597 asmiglie

1079 2610 1217 2642 bolognesi
1231 2610 1322 2634 scritta
1341 2617 1355 2633 e
1373 2609 1488 2634 raccolte
1505 2608 1557 2634 dal
1571 2609 1667 2641 εἷρπον
1692 2608 1798 2633 Valerio
1821 2608 1948 2632 Raim'eri
1964 2615 1979 2631 e

1080 2653 1116 2678 da
1135 2661 1191 2678 esso
1209 2653 1297 2678 divise
1315 2654 1342 2678 in
1355 2657 1378 2683 5
1395 2654 1466 2678 tomi.
1486 2653 1557 2678 Blbl.
1575 2653 1672 2684 Univ„
1690 2653 1769 2677 tomo
1787 2651 1822 2682 11,
1834 2659 1857 2676 c.
1877 2651 1926 2676 281
1942 2650 1980 2683 v.)

1081 2699 1172 2724 scrive
1189 2698 1240 2723 che
1258 2698 1301 2722 del
1322 2697 1388 2730 1385
1408 2695 1422 2710 “
1434 2698 1541 2722 Matteo
1566 2697 1596 2722 di
1620 2696 1764 2722 Guiduzzo
1789 2697 1881 2721 attaca
1904 2696 1979 2720 versi

1080 2743 1094 2758 ‘¹
1105 2742 1283 2768 infamatorii
1301 2742 1348 2767 nel
1365 2742 1478 2774 palazzo
1489 2749 1519 2775 „3
1539 2748 1585 2766 mn
1597 2741 1646 2773 qui
1664 2740 1886 2774 probabumente
1898 2740 1923 2764 sl
1935 2747 1979 2764 ac-

1080 2794 1168 2813 cenna
1185 2787 1211 2812 al
1229 2787 1342 2812 sonetto
1360 2786 1476 2812 satlrlco
1498 2783 1510 2799 ⁶
1522 2786 1629 2811 Dlffeua
1647 2793 1759 2811 noum.
1771 2802 1785 2817 „
1808 2784 1838 2810 dl
1862 2784 1908 2809 cui
1932 2784 1979 2809 ab-

1082 2833 1179 2859 biamo
1197 2829 1243 2865 gia
1260 2832 1378 2865 pax-lato.
