2242 3418
71 1225 90 1240 c.
107 1225 149 1240 120
163 1221 175 1241 ὁ

45 1272 122 1297 Mum,
138 1274 174 1294 18⁴

238 181 285 221 70
800 177 1081 214 MATTHAEI
1107 175 1177 211 DE
1207 173 1552 211 GRIFFONIBUS
1821 178 2103 216 [AA.1373-1374]

348 312 652 347 M.CCCLXXIII.
676 311 808 343 Eodem
831 319 934 342 anno.
959 328 1000 332 —
1023 307 1192 340 Dominus
1207 306 1375 339 Nicolaus
1391 306 1434 338 de
1450 306 1484 338 la
1501 305 1604 338 Scala
1619 305 1663 337 de
1678 303 1836 345 Ancona,
1860 305 2020 339 dominus
2035 306 2102 339 Ba-

258 367 402 411 luganus
425 366 467 398 de
490 364 676 408 Baluganis
700 363 743 395 de
766 363 859 401 Esio,
883 367 1077 404 potestates.

342 419 471 451 Eodem
494 427 596 456 anno,
620 417 664 449 de
687 425 801 448 mense
822 414 982 458 januarii.
1008 433 1049 437 —
1074 414 1166 447 Gens
1189 422 1360 445 armorum
1385 411 1517 444 domini
1533 411 1746 444 Bernabovis
1761 411 1998 451 Vicecomifis,
2016 422 2101 455 quo-

254 484 328 505 rum
352 472 552 514 capitaneus
574 475 648 502 erat
671 469 830 501 dominus
853 469 1019 500 Zanottus
1042 467 1257 505 vicecomes,
1281 476 1369 508 quae
1398 475 1482 509 gens
1505 470 1604 497 erant
1626 465 1721 497 mille
1744 465 1940 497 lancearum
1963 466 2010 498 ad
2033 471 2102 497 tres

254 535 359 568 equos
381 534 445 567 pro
468 525 589 556 lancea
611 528 645 555 et
668 525 723 563 11J⁰
745 522 880 560 arcerii,
905 525 1072 553 venerunt
1095 529 1199 562 super
1221 519 1385 551 comitatu
1408 517 1587 550 Bononiae
1609 523 1644 550 et
1659 518 1767 550 multa
1783 517 1909 550 damna
1930 524 1966 551 et
1981 518 2101 551 incen-
2147 518 2166 550 5

253 578 311 610 dia
333 579 490 610 fecerunt
514 577 550 608 in
574 576 670 608 dicto
693 575 860 607 comitatu
883 574 1031 606 maxime
1054 573 1091 604 in
1115 573 1230 615 plano,

341 630 472 662 Eodem
495 639 620 661 mense.
639 647 680 652 —-
697 628 790 661 Gens
806 627 986 670 praedicta
1001 626 1070 658 fuit
1086 625 1248 657 conflicta
1264 635 1367 667 super
1383 625 1551 657 comitatu
1567 624 1747 657 Bononiae
1763 624 1809 656 ad
1826 623 2100 657 Schivardellam

252 684 288 715 in
313 684 458 716 transitu
480 682 620 715 Panarii
644 692 706 724 per
728 686 848 725 gentes
871 679 1050 712 Ecclesiae
1080 684 1114 710 et
1145 678 1301 710 comunis
1331 678 1521 716 Bononiae,
1554 687 1700 720 quorum
1733 677 1803 709 dux
1833 683 1868 710 et
1898 677 2101 720 capitaneus

251 742 324 768 erat
340 735 498 768 dominus
512 735 688 778 Johannes
703 733 808 777 Agud
830 733 998 776 anglicus,
1022 731 1123 763 valde
1147 731 1269 763 doctus
1292 731 1329 762 in
1352 731 1502 775 guerris;
1528 736 1563 763 et
1577 730 1682 773 pauci
1698 735 1880 762 evaserunt
1896 730 1990 773 quod
2006 730 2101 772 capti

249 790 303 821 vel
328 789 455 821 mortui
479 789 534 821 vel
557 787 720 820 suffocati
744 796 814 818 non
838 785 994 818 fuissent.

338 842 468 874 Eodem
491 850 594 880 anno,
618 840 661 872 de
684 849 799 871 mense
815 838 994 871 februarii.
1019 856 1060 861 —
1085 837 1215 870 Gentes
1230 837 1420 876 Ecclesiae,
1437 848 1526 880 quae
1541 842 1641 870 erant
1656 847 1735 869 cum
1751 836 1878 869 comite
1895 836 2100 875 Sabaudiae‚

249 895 457 927 transierunt
483 894 608 926 flumen
639 892 759 925 Tixini
790 897 824 924 et
855 892 1096 934 equitaverunt
1127 890 1328 923 comitatum
1360 891 1651 923 mediolanensem
1682 895 1717 922 et
1748 890 1878 923 cotidie
1915 889 2101 922 currebant

250 958 356 990 usque
379 948 424 980 ad
446 953 564 990 portas
586 945 790 979 Mediolani.
836 945 882 977 Et
904 954 973 976 una
997 944 1054 976 die
1078 943 1216 976 iverunt
1243 954 1350 987 usque
1381 943 1527 986 Papiam
1558 949 1592 975 et
1623 943 1865 976 destruxerunt
1895 942 2100 975 viridarium

249 1000 380 1032 domini
405 999 554 1032 Galeatii
578 999 622 1031 de
636 997 921 1036 vicecomitibus,
945 996 1078 1028 domini
1102 996 1243 1038 Papiae,
1268 996 1361 1039 quod
1377 1001 1451 1028 erat
1467 1006 1565 1028 secus
1579 1007 1714 1030 murum
1731 995 1886 1028 civitatis
1901 995 2042 1037 Papiae,
2065 1000 2100 1027 et

248 1053 462 1085 abstulerunt
485 1053 609 1084 multas
631 1061 747 1094 equas,
771 1061 856 1093 quas
879 1050 1019 1082 tenebat
1042 1050 1079 1081 in
1104 1049 1234 1092 burgis.
2127 1046 2164 1080 15

336 1106 466 1138 Eodem
490 1114 592 1138 anno.
618 1123 659 1128 ——
683 1104 783 1137 Obiit
806 1103 965 1136 dominus
988 1103 1159 1135 Henricus
1183 1103 1226 1135 de
1256 1103 1408 1135 Torellis
1440 1107 1475 1135 et
1498 1103 1568 1136 fuit
1591 1103 1744 1146 sepultus
1767 1102 1813 1135 ad
1838 1102 2004 1135 Sanctum
2027 1101 2100 1134 Do-

249 1169 426 1192 m1n1cum.

338 1212 468 1245 Eodem
492 1221 594 1251 anno,
618 1212 676 1244 die
698 1221 767 1252 an
788 1210 880 1253 maji.
905 1229 948 1233 —
970 1210 1139 1242 Dominus
1162 1210 1206 1242 de
1231 1209 1408 1242 Conciaco
1432 1210 1505 1242 sive
1529 1210 1573 1242 de
1590 1209 1696 1242 Chusi
1725 1215 1761 1242 et
1787 1209 1945 1242 dominus
1967 1209 2099 1252 Johan-

250 1274 310 1297 nes
338 1264 454 1310 Agud‚
489 1266 586 1297 miles
613 1264 781 1308 anglicus,
811 1263 884 1306 qui'
900 1263 1013 1306 primo
1043 1263 1275 1295 transiverant
1304 1263 1437 1295 Padum
1469 1273 1574 1295 causa
1603 1263 1711 1295 eundi
1740 1262 1989 1301 Mediolanum,
2019 1271 2099 1294 cum

246 1324 366 1361 gentes
389 1319 521 1351 domini
545 1317 756 1350 Bernabovis
779 1322 814 1349 et
837 1317 968 1348 domini
992 1316 1143 1349 Galeatii
1166 1321 1279 1348 essent
1310 1327 1414 1359 super
1443 1317 1619 1349 territorio
1650 1316 1791 1348 Brixiae
1822 1315 1860 1347 in
1890 1316 1969 1347 loco
2000 1314 2097 1347 dicto
2121 1315 2164 1346 20

247 1371 409 1404 Gavardo
432 1372 477 1404 ad
499 1371 673 1414 quoddam
695 1370 832 1409 flumen,
856 1369 972 1402 dictae
987 1375 1106 1413 gentes
1121 1369 1301 1402 Ecclesiae
1317 1370 1551 1402 transiverunt
1566 1370 1700 1402 dictum
1715 1379 1852 1411 passum
1868 1373 1903 1400 et
1917 1368 1985 1401 fuit
2007 1368 2099 1400 inter

246 1424 338 1466 ipsos
361 1433 521 1468 magnum
544 1424 725 1466 proelium,
749 1423 842 1466 quod
866 1423 1002 1455 duravit
1018 1433 1039 1454 a
1055 1422 1207 1465 vesperis
1231 1433 1338 1465 usque
1354 1422 1400 1454 ad
1416 1428 1564 1455 noctem.
1610 1422 1656 1454 Et
1671 1422 1831 1460 finaliter,
1848 1421 1968 1454 divina
1982 1420 2096 1465 gratia

247 1478 398 1516 favente,
410 1483 529 1521 gentes
546 1476 725 1509 Ecclesiae
736 1476 963 1508 conflixerunt
978 1485 1096 1507 omnes
1111 1480 1231 1519 gentes
1243 1476 1416 1508 dictorum
1432 1475 1646 1508 tirannorum
1661 1481 1696 1507 et
1712 1475 1787 1506 fere
1802 1484 1920 1507 omnes
1943 1473 2039 1516 capti
2062 1478 2098 1506 et

244 1531 371 1562 mortui
387 1531 543 1568 fuerunt;
561 1535 596 1562 et
612 1530 681 1562 fuit
696 1539 857 1573 magnum
874 1529 1005 1561 factum
1022 1534 1228 1571 reputatum,
1245 1538 1287 1560 eo
1303 1529 1384 1571 quia
1399 1534 1521 1572 gentes
1537 1528 1709 1560 dictorum
1726 1527 1983 1561 Vicecomitum
1997 1531 2097 1559 erant

245 1586 311 1615 ΜΨ
332 1584 530 1615 lancearum
552 1589 587 1615 et
609 1585 673 1624 11J¹¹²
695 1583 830 1625 pedites
853 1587 888 1614 et
910 1592 995 1624 gens
1017 1581 1199 1614 Ecclesiae
1223 1592 1293 1613 non
1316 1587 1391 1613 erat
1414 1581 1481 1613 nisi
1503 1584 1554 1622 vf
1580 1582 1779 1613 lancearum
1810 1585 1845 1612 et
1868 1583 1936 1612 V11⁰
1958 1578 2095 1612 arcerii.
2119 1577 2161 1610 25

243 1636 296 1668 De
319 1647 387 1679 qua
410 1636 558 1669 victoria
584 1636 716 1668 factum
746 1636 815 1667 fuit
844 1635 1023 1667 Bononiae
1054 1643 1216 1678 magnum
1248 1635 1376 1667 festum
1409 1640 1444 1666 et
1474 1639 1672 1676 reputatum
1696 1633 1766 1665 fuit
1789 1633 1994 1665 miraculum
2016 1631 2095 1664 Dei.

333 1689 465 1722 Eodem
488 1698 590 1728 anno,
608 1688 651 1721 de
673 1698 790 1721 mense
812 1687 902 1731 maji.
928 1706 969 1711 —
992 1687 1124 1730 Magna
1139 1687 1330 1719 mortalitas
1346 1687 1502 1729 incoepit
1517 1687 1553 1718 in
1569 1686 1726 1718 Bononia
1742 1692 1778 1719 et
1793 1696 1856 1728 per
1871 1686 1996 1718 multas
2011 1685 2096 1717 alias

242 1743 363 1775 mundi
385 1747 512 1785 partes,
536 1752 625 1785 quae
647 1741 838 1774 mortalitas
861 1741 999 1773 duravit
1021 1751 1130 1783 usque
1154 1740 1198 1772 ad
1221 1750 1374 1772 mensem
1398 1739 1596 1772 novembris
1619 1745 1654 1772 et
1677 1740 1778 1771 ultra.

330 1795 461 1828 Eodem
485 1804 586 1834 anno,
611 1795 655 1827 de
677 1805 792 1827 mense
813 1793 899 1836 julii.
924 1812 966 1816 —
989 1793 1157 1825 Dominus
1179 1793 1388 1826 Franciscus
1413 1793 1455 1825 de
1480 1793 1674 1825 Ghisileriis
1698 1797 1819 1834 portae
1835 1792 1947 1824 sancti
1973 1791 2094 1824 Salva-

244 1849 336 1888 toris,
362 1848 531 1892 Georgius
554 1848 598 1880 de
622 1847 816 1880 Ghisileriis
838 1846 910 1890 ejus
932 1847 1053 1885 frater,
1075 1846 1227 1889 Jacobus
1259 1846 1302 1878 de
1327 1845 1543 1879 Griffonibus
1565 1855 1684 1877 eorum
1708 1850 1886 1888 cognatus,
1910 1845 2093 1877 Mathaeus
2117 1845 2160 1876 30

243 1903 287 1934 de
310 1901 525 1934 Griffonibus
547 1906 583 1933 et
605 1900 772 1933 Nicolaus
795 1900 838 1932 de
861 1899 1018 1932 Zerbinis
1041 1899 1179 1932 iverunt
1202 1899 1303 1931 simul
1335 1899 1502 1931 Venetias
1532 1899 1579 1930 ad
1609 1898 1815 1941 fugiendum
1847 1897 2093 1930 mortalitatem

241 1961 276 1987 et
298 1965 361 1998 per
381 1954 449 1994 Dei
472 1955 617 1998 gratiam
640 1964 758 1986 omnes
780 1952 910 1985 reversi
926 1953 1069 1985 fuerunt
1083 1952 1272 1984 Bononiam
1297 1952 1341 1984 de
1364 1962 1481 1984 mense
1504 1951 1708 1984 novembris.
1754 1951 1888 1983 Tamen
1910 1950 2094 1983 Mathaeus

2128 784 2167 815 10

178 2020 184 2028 ·
240 2014 275 2041 et
298 2008 464 2041 Nicolaus
486 2008 617 2040 reversi
639 2008 782 2039 suerunt
807 2006 851 2039 de
874 2016 992 2038 mense
1016 2005 1179 2038 octobris.

329 2060 655 2095 M.CCCLXXIIII.
678 2078 721 2083 —-
743 2059 910 2092 Dominus
931 2059 1129 2103 Baluganus
1152 2059 1196 2091 de
1219 2058 1406 2102 Baluganis
1429 2059 1473 2091 de
1497 2059 1578 2091 Esio
1594 2064 1629 2091 et
1645 2058 1802 2090 dominus
1825 2059 1854 2091 F
1856 2067 2033 2090 ranclscus
2049 2057 2092 2089 de

243 2114 437 2148 Comitibus
461 2115 504 2147 de
528 2113 717 2156 Campello,
741 2118 941 2155 potestates.
2114 2108 2156 2142 35

327 2167 460 2200 Eodem
476 2177 579 2206 anno,
596 2166 652 2198 die
667 2176 718 2199 xv
732 2166 856 2198 martii.
875 2184 917 2189 ———
933 2165 1255 2199 Reverendissimus
1271 2171 1371 2208 pater
1387 2166 1544 2198 dominus
1562 2165 1764 2197 Guilielmus
1778 2163 1964 2197 cardinalis
1978 2162 2092 2196 sancti

238 2219 367 2264 Angeli
391 2220 486 2253 venit
500 2219 693 2252 Bononiam
716 2225 890 2262 tamquam
906 2219 1057 2251 vicarius
1072 2224 1107 2251 et
1122 2219 1256 2263 legatus
1271 2219 1481 2261 apostolicus
1496 2229 1559 2261 per
1573 2223 1708 2260 portam
1725 2223 1852 2250 stratae
1874 2217 1987 2250 sancti
2011 2216 2090 2249 Ste-

239 2274 356 2316 phani,
372 2273 416 2306 de
431 2283 498 2316 quo
515 2273 646 2305 factum
661 2272 730 2304 fuit
745 2282 907 2316 magnum
923 2272 1087 2316 gaudium
1111 2282 1206 2304 more
1230 2272 1331 2304 solito
1356 2282 1433 2303 cum
1450 2271 1617 2310 charotio,
1634 2270 1921 2315 bag-urdatoribus
1944 2275 1979 2302 et
2000 2269 2089 2302 aliis.

326 2326 457 2359 Eodem
479 2336 582 2369 anno,
606 2325 664 2358 die
679 2335 770 2367 xva
784 2325 996 2368 septembris.
1020 2344 1062 2348 —
1087 2325 1185 2358 Obiit
1209 2325 1348 2357 domina
1364 2325 1537 2364 RafaeHa,
1560 2334 1648 2356 uxor
1670 2324 1796 2357 nobilis
1819 2323 1936 2355 militis
1959 2322 2090 2355 domini

237 2379 407 2423 Johannis
422 2380 466 2412 de
480 2379 646 2418 Marsilia,
663 2389 751 2422 quae
767 2384 842 2411 erat
856 2379 1011 2421 pulcrior
1021 2378 1157 2422 juvenis
1173 2379 1278 2410 totius
1291 2377 1439 2410 civitatis
1454 2377 1644 2416 Bononiae,
1661 2387 1725 2419 pro
1741 2376 1837 2420 cujus
1853 2381 1962 2408 morte
1977 2375 2088 2408 visum
2111 2375 2154 2407 40

196 2428 199 2431 ’
238 2433 304 2465 fuit
326 2443 487 2477 magnum
510 2432 711 2465 miraculum
733 2432 770 2464 in
792 2432 859 2464 hac
882 2432 1003 2465 forma.
1050 2431 1112 2465 Est
1135 2442 1253 2464 verum
1281 2431 1376 2474 quod
1406 2430 1589 2463 Mathaeus
1612 2431 1656 2462 de
1680 2429 1908 2468 Griffonibus,
1932 2428 1990 2471 qui
2013 2433 2088 2461 erat

235 2486 370 2529 juvenis
401 2486 494 2518 illius
523 2485 657 2524 aetatis,
681 2485 777 2528 cujus
807 2490 881 2517 erat
910 2485 987 2527 ipsa
1018 2485 1158 2517 domina
1180 2485 1354 2524 Rafaella,
1382 2489 1458 2516 erat
1488 2484 1525 2516 in
1556 2489 1690 2520 tantum
1720 2483 1901 2525 filocaptus
1931 2483 1975 2514 de
2001 2481 2087 2524 ipsa,

239 2540 343 2582 quod,
367 2539 506 2582 quando
529 2539 605 2581 ipsa
622 2539 779 2578 decessit,
802 2538 878 2581 ipse
900 2538 970 2571 fuit
992 2539 1030 2570 in
1053 2548 1180 2582 magno
1195 2537 1354 2580 periculo
1369 2537 1490 2570 mortis
1506 2542 1650 2579 propter
1665 2536 1829 2575 dolorem,
1846 2545 1947 2578 quem
1964 2534 2087 2567 habuit

239 2592 284 2624 de
313 2597 422 2624 morte
444 2591 554 2634 ipsius
577 2591 737 2624 dominae
743 2603 753 2630 3
777 2597 812 2624 et
842 2591 938 2624 stetit
968 2591 1086 2624 multis
1116 2590 1238 2623 diebus
1267 2596 1303 2623 et
1333 2589 1494 2623 noctibus
1525 2590 1619 2633 quod
1649 2590 1724 2632 ipse
1755 2599 1940 2631 numquam
1972 2597 2086 2620 come-

237 2645 318 2677 dere
348 2654 413 2677 nec
448 2644 567 2677 bibere
602 2644 658 2677 vel
696 2645 846 2677 dormire
882 2650 1018 2687 poterat
1055 2644 1308 2687 quoquomodo.
1355 2644 1400 2676 Et
1435 2643 1585 2676 finaliter
1617 2653 1687 2675 una
1721 2642 1778 2675 die
1812 2642 1888 2684 ipso
1921 2640 2083 2674 Mathaeo
2107 2639 2148 2672 45

237 2703 315 2740 post
336 2702 479 2730 mortem
502 2697 611 2739 ipsius
638 2697 799 2730 dominae
821 2707 884 2740 per
907 2707 1014 2730 unum
1043 2706 1194 2730 mensem
1224 2697 1280 2729 vel
1312 2697 1408 2729 circa
1438 2696 1607 2728 existente
1637 2696 1684 2728 ad
1715 2695 1856 2728 Grottas
1878 2704 1968 2732 suas,
1999 2703 2085 2736 quas

236 2750 384 2783 habebat
406 2750 453 2783 ad
475 2755 586 2782 ortum
609 2761 706 2783 suum
730 2761 808 2783 cum
832 2750 934 2783 domo
957 2756 1054 2783 extra
1077 2755 1212 2793 portam
1236 2750 1347 2783 sancti
1370 2750 1552 2788 Mammas,
1580 2748 1699 2782 subtus
1730 2748 1911 2780 ecclesiam
1935 2747 1978 2780 de
2000 2746 2086 2779 Val-

237 2803 346 2842 virde,
369 2812 438 2835 una
460 2813 538 2835 cum
561 2809 709 2847 quatuor
738 2804 837 2837 sotiis
865 2804 974 2847 ipsius
1005 2803 1172 2844 Mathaei‚
1204 2803 1279 2847 ipse
1308 2803 1491 2836 Mathaeus
1521 2803 1591 2835 alta
1621 2812 1707 2835 voce
1738 2806 1870 2834 tantum
1901 2805 1936 2833 et
1967 2805 2018 2833 tot
2047 2804 2083 2832 et

325 2928 359 2956 39
378 2923 466 2956 See-no
484 2923 656 2949 d’attenaeione
673 2925 700 2950 in
718 2925 839 2957 margine
