2196 3424
58 308 153 335 2256·

36 1103 110 1127 Mun..
128 1103 164 1122 135

72 1313 162 1338 25⁶⁶

66 2163 161 2182 ‘¹55⁰

249 169 299 205 30
794 166 1077 203 ΜΑΤΤΗΑΕΙ
1106 167 1176 202 DE
1205 165 1551 202 GRIFFONIBUS
1925 170 1978 207 [Α.
1998 171 2089 205 1306]

247 301 452 333 terficiemus
486 309 602 333 omnes
632 299 710 331 vosl
747 300 792 331 Et
822 305 904 331 tunc
936 298 1066 331 amiani
1099 296 1281 340 ceperunt'
1313 297 1511 340 praedictos
1541 296 1714 339 Julianum
1746 298 1790 331 de
1821 297 2027 331 Forbicibus
2057 304 2092 332 et

243 354 434 396 Johannem
451 353 494 384 de
513 352 641 384 Sancto
658 351 787 384 Rofillo
811 357 846 384 et
870 362 948 384 cum
966 351 1082 383 cordis
1106 351 1177 383 sive
1202 350 1344 382 funibus
1368 360 1509 393 asogare
1527 349 1690 382 volebant
1705 350 1798 392 ipsos
1820 351 1923 389 infra,
1938 356 1977 383 ut
1997 351 2092 383 nullo

243 407 346 439 modo
369 406 490 448 aliquis
512 406 747 448 perpenderet
771 405 814 437 de
840 405 898 437 eis.
945 405 1048 437 Tunc
1072 404 1280 446 praeconsul
1304 404 1515 436 notariorum
1548 403 1666 435 vocari
1695 403 1782 436 fecit
1812 414 1876 446 per
1898 404 2090 436 banitorem

243 466 350 492 totum
374 459 550 501 populum,
583 465 620 491 ut
650 459 714 501 ipsi
746 459 905 491 audirent
938 458 1191 490 confessionem
1224 458 1389 499 ipsorum,
1421 463 1459 489 ut
1489 456 1612 488 melius
1642 457 1791 488 evadere
1823 463 1972 499 possent.
2019 457 2092 489 Sed

242 513 382 545 fuerunt
416 512 521 554 aliqui
552 512 611 554 qui
643 512 905 554 perpenderunt
937 512 981 544 de
1013 512 1109 543 facto
1140 517 1175 543 et
1207 510 1435 543 obviaverunt
1466 510 1516 542 eis
1550 515 1585 542 et
1622 510 1821 551 praedictos
1851 510 2024 552 Julianum
2057 516 2091 542 et
2138 508 2155 541 5

243 566 432 607 Johannem
457 565 686 597 incontinenti
711 565 900 597 crudeliter
923 565 1147 602 occiderunt;
1173 569 1207 596 et
1231 575 1310 596 cum
1335 564 1477 596 fuerunt
1499 563 1637 601 mortui,
1654 563 1754 604 pueri
1771 563 1962 595 diviserunt
1984 574 2092 596 mem-

242 619 304 650 bra
334 629 451 651 eorum
483 625 517 651 et
547 623 772 660 portaverunt
802 618 877 660 ipsa
908 629 986 650 cum
1017 618 1127 650 umcis
1157 618 1264 660 ligata
1287 617 1333 649 ad
1365 617 1485 649 domos
1517 617 1688 648 dictorum
1720 622 1932 648 mortuorum
1964 622 1999 649 et
2028 627 2093 659 per

242 671 415 704 civitatem
439 671 723 704 straxinaverunt.
771 671 849 703 Hoc
874 671 979 710 facto,
1005 671 1162 703 dominus
1186 676 1337 712 potestas
1359 671 1442 712 poni
1466 670 1553 702 fecit
1575 681 1679 702 unam
1703 669 1884 702 candelam
1908 680 2091 702 accensam

241 725 286 757 ad
320 725 558 768 arengheriam
591 730 626 757 et
657 725 756 757 citari
788 724 875 757 fecit
901 724 1099 766 praedictos
1131 723 1307 756 dominum
1338 723 1624 761 Bonincontrum,
1653 722 1799 755 Paulum
1832 723 1876 755 de
1907 722 2028 755 Corvis
2058 729 2093 755 et

241 778 464 810 Franciscum
489 778 532 810 de
557 777 832 816 Guastavillanis‚
851 777 910 820 qui
934 787 1002 809 non
1026 782 1206 809 venerunt.
1253 776 1300 809 Et
1323 782 1406 809 tunc
1430 776 1578 819 populus
1593 776 1740 808 accessit
1763 776 1808 808 ad
1832 776 1951 808 domos
1974 786 2092 808 eorum
2119 774 2158 808 10

240 837 274 863 et
298 831 483 863 multorum
507 831 651 863 aliorum
677 831 720 862 de
744 836 842 872 parte
866 830 1186 862 Lambertaciorum
1219 835 1253 861 et
1284 830 1376 872 ipsos
1407 830 1617 862 robaverunt
1649 835 1683 862 et
1711 829 1917 871 expulerunt
1949 829 1992 862 de
2023 829 2092 862 Bo-

240 884 353 916 nonia.
399 884 495 916 Inter
517 893 602 926 quos
626 888 847 915 accesserunt
870 883 915 915 ad
940 884 1060 915 domos
1091 884 1222 916 domini
1247 883 1369 925 Jacobi
1393 889 1427 916 et
1455 882 1622 926 Johannis
1645 883 1689 914 de
1713 882 1874 926 anano,
1904 882 1963 925 qui
1994 887 2094 914 erant

241 937 284 969 de
315 943 411 979 parte
444 937 641 974 Ecclesiae;
675 936 736 968 sed
765 936 846 979 quia
875 936 1056 969 Becadelli
1080 943 1177 970 erant
1208 938 1260 969 sui
1291 936 1434 974 inimici,
1467 935 1624 968 derobati
1655 935 1797 967 fuerunt
1828 940 1863 967 et
1894 934 2092 968 combustae

239 987 380 1020 fuerunt
404 987 525 1019 domus
548 997 677 1020 eorum.
723 986 858 1025 Postea,
883 987 939 1019 die
963 987 1130 1031 vigesimo
1153 988 1244 1031 maji,
1269 988 1428 1020 dominus
1451 986 1601 1029 Jacobus
1618 986 1661 1018 de
1678 985 1890 1024 Bacelleriis,
1906 984 2093 1018 Albericus

240 1040 283 1071 de
308 1040 471 1079 Galuciis,
495 1040 765 1082 archipresbiter
789 1040 907 1072 Sancti
929 1040 1120 1079 Laurentii,
1144 1041 1351 1085 Paganinus,
1376 1040 1552 1073 Tordinus
1576 1046 1611 1072 et
1632 1039 1768 1078 Doffus,
1793 1039 1935 1071 comites
1958 1039 2002 1071 de
2025 1038 2093 1071 Pa-
2119 1036 2157 1070 15

241 1093 330 1131 nico,
349 1094 443 1126 citati
467 1092 621 1126 fuerunt'
644 1099 682 1126 ut
705 1093 865 1125 venirent
888 1094 933 1125 ad
961 1094 1124 1126 mandata
1150 1094 1306 1126 comunis
1325 1093 1514 1132 Bononiae,
1543 1093 1624 1136 quia
1646 1092 1824 1125 faciebant
1854 1092 2094 1135 guarnimenta

239 1157 343 1178 causa
365 1147 529 1179 veniendi
554 1152 675 1179 contra
698 1156 844 1179 comune
868 1146 1045 1179 Bononiae
1053 1159 1062 1185 3
1087 1153 1122 1180 et
1152 1147 1217 1190 ipsi
1242 1147 1427 1179 noluerunt
1450 1146 1553 1179 modo
1576 1146 1693 1189 aliquo
1718 1155 1920 1187 comparere
1948 1151 1984 1178 et
2012 1145 2093 1176 ideo

238 1199 370 1231 banniti
394 1199 535 1231 fuerunt
557 1205 730 1242 tamquam
754 1199 949 1241 proditores
973 1204 1008 1231 et
1030 1199 1179 1232 rebelles
1196 1200 1352 1233 comunis
1373 1199 1551 1231 Bononiae
1569 1204 1604 1231 et
1620 1208 1739 1231 eorum
1757 1199 1878 1230 domus
1894 1198 2093 1231 combustae

238 1252 389 1290 fuerunt,
414 1252 567 1293 exceptis
590 1251 748 1284 domibus
772 1252 902 1284 domini
926 1251 1048 1294 Jacobi
1073 1253 1116 1284 de
1140 1252 1351 1291 Bacelleriis,
1376 1252 1435 1295 qui
1459 1251 1652 1294 comparuit
1669 1257 1703 1283 et
1717 1250 1834 1293 paruit
1849 1251 2020 1284 mandatis
2035 1260 2098 1282 co«

238 1304 350 1336 munis
371 1303 571 1337 Bononiae'.
617 1305 664 1337 Et
691 1305 772 1337 dum
801 1304 914 1337 dictus
944 1305 1217 1347 archipresbiter
1239 1305 1350 1338 exiret
1371 1305 1539 1343 Bononia,
1564 1305 1623 1347 qui
1647 1303 1787 1336 nolebat
1810 1310 1900 1336 stare
1924 1303 2094 1336 mandatis
2116 1305 2159 1336 20

238 1357 394 1390 comunis
426 1357 619 1396 Bononiae,
655 1357 728 1399 ipse
764 1357 916 1390 obviavit
957 1357 1057 1390 militi
1092 1358 1222 1390 domini
1257 1358 1447 1400 potestatis,
1484 1357 1543 1401 qui
1574 1356 1737 1389 veniebat
1768 1357 1811 1388 de
1849 1356 2019 1390 Casalielo
2049 1356 2093 1389 de

236 1410 350 1449 Reno,
379 1420 482 1443 causa
513 1410 715 1442 destruendi
737 1411 979 1454 guarnimenta
1009 1421 1139 1449 eorum,
1171 1417 1206 1444 et
1237 1411 1389 1443 ducebat
1418 1421 1534 1443 secum
1566 1416 1636 1443 tres
1668 1415 1804 1452 captos-3
1836 1409 1951 1442 dictus
1979 1409 2094 1443 archi-

237 1463 418 1506 presbiter,
449 1474 518 1496 una
548 1474 625 1495 cum
648 1463 754 1496 Doffo
782 1463 826 1496 de
850 1463 992 1502 Panico‚
1024 1464 1200 1496 insultavit
1231 1475 1309 1496 eum
1334 1470 1368 1496 et
1398 1469 1610 1506 acceperunt
1633 1463 1699 1496 sibi
1727 1463 1840 1495 dictos
1862 1469 1933 1496 tres
1962 1468 2092 1505 captos.

237 1516 358 1548 Nocte>
373 1525 457 1548 vero
480 1516 648 1558 sequenti,
671 1516 722 1548 illi
745 1516 789 1548 de
814 1517 1058 1549 Bocadeferris
1081 1523 1305 1549 accesserunt
1327 1517 1373 1549 ad
1396 1517 1516 1549 domos
1538 1517 1756 1548 inimicorum
1780 1526 1918 1548 suorum
1942 1515 1986 1548 de
2010 1515 2091 1548 Plu·

237 1569 341 1601 matio
369 1574 403 1601 et
425 1569 631 1601 occiderunt
654 1568 740 1601 duos
763 1580 805 1601 ex
829 1570 878 1601 eis
902 1575 936 1602 et
960 1570 1222 1602 combusserunt
1253 1581 1313 1602 sex
1344 1570 1464 1603 domos
1495 1576 1529 1602 et
1559 1570 1651 1612 ipsos
1679 1579 1798 1601 omnes
1826 1568 2092 1602 derobaverunt.
2115 1568 2157 1601 25

239 1621 321 1659 Qua
344 1622 388 1654 de
412 1631 515 1654 causa
539 1622 652 1654 dictus
682 1623 781 1655 miles
805 1623 936 1655 domini
966 1623 1154 1665 potestatis,
1185 1634 1255 1655 una
1282 1633 1360 1656 cum
1391 1623 1607 1656 sotietatibus
1636 1622 1912 1655 Lombardorum
1945 1627 1980 1655 et
2009 1621 2093 1654 Pili-

237 1675 422 1717 pariorum,
446 1674 583 1707 iverunt
605 1674 812 1707 Plumatium
837 1681 872 1708 et
903 1685 1022 1708 omnes
1046 1676 1166 1708 domos
1183 1682 1217 1709 et
1239 1676 1398 1709 fortilitia
1420 1676 1571 1718 ipsorum
1595 1675 1910 1708 Bocadeferrorum
1935 1674 2089 1707 combus-

236 1732 369 1764 serunt3
394 1733 429 1760 et
451 1736 569 1759 omnes
591 1727 657 1769 ipsi
679 1727 822 1768 fuerunt
846 1728 1001 1760 comunis
1023 1727 1201 1761 Bononiae
1224 1728 1357 1761 banniti
1381 1729 1474 1761 dicta
1497 1729 1541 1760 de
1566 1739 1678 1761 causa.

324 1781 459 1813 Eodem
482 1790 584 1813 anne.
608 1798 651 1803 —
673 1780 796 1814 Dictus
820 1781 978 1813 dominus
1001 1781 1152 1823 Jacobus
1175 1782 1219 1814 de
1250 1782 1452 1814 Bacelleriis
1480 1782 1524 1814 de
1555 1782 1730 1814 voluntate
1755 1781 1951 1814 sotietatum
1975 1791 2093 1814 comu-

236 1833 289 1865 nis
310 1833 487 1866 Bononiae
510 1833 577 1865 fuit
599 1833 775 1866 restitutus
799 1839 834 1866 et
856 1833 1057 1866 rebannitus
1080 1840 1114 1867 et
1137 1845 1296 1867 reversus
1319 1835 1364 1869 ad
1388 1835 1563 1868 civitatem
1586 1835 1775 1867 Bononiae.
2115 1835 2159 1867 30

324 1885 458 1917 Eodem
482 1894 583 1917 anno.
608 1902 649 1907 --
673 1884 803 1917 Dexius
826 1885 870 1917 de
895 1884 1061 1929 Chucano
1087 1892 1242 1918 mortuus
1265 1886 1332 1918 fuit
1362 1886 1408 1918 ad
1432 1885 1598 1919 Sanctum
1622 1885 1813 1918 Fabianum
1837 1896 1858 1917 a
1881 1886 2094 1919 Franchutio

238 1938 281 1970 de
305 1937 431 1970 Rocha
454 1943 489 1970 et
511 1948 533 1969 a
556 1937 711 1970 Guercio
735 1938 779 1970 de
804 1938 970 1982 Chucano
993 1939 1030 1970 in
1054 1938 1245 1971 vindictam
1270 1939 1440 1972 Gualterii
1465 1940 1509 1972 de
1534 1939 1709 1983 Chucano.

323 1989 458 2021 Eodem
481 1998 582 2021 anno.
611 2005 647 2012 —
672 1988 908 2021 Bononienses
932 1989 1138 2022 obsiderunt
1167 1990 1308 2022 Turrim
1336 1990 1548 2029 Cavalinam,
1581 2001 1668 2033 quae
1701 1996 1775 2023 erat
1805 1990 1940 2023 comitis
1970 1990 2093 2034 Jacobi

237 2041 280 2074 de
304 2042 446 2080 Panico,
470 2042 631 2075 canonici
653 2041 885 2081 bononiensis,
909 2053 998 2086 quae
1022 2043 1125 2075 turris
1153 2049 1227 2075 erat
1250 2054 1271 2075 a
1302 2044 1409 2076 latere
1434 2044 1603 2086 superiori
1626 2044 1751 2076 montis
1778 2049 1917 2076 sanctae
1948 2043 2093 2082 Mariae,

237 2102 271 2128 et
297 2095 558 2128 combusserunt
580 2093 689 2136 ipsam
711 2095 845 2134 turrim,
869 2095 971 2127 salvis
994 2095 1151 2137 personis
1174 2096 1209 2128 in
1235 2107 1276 2128 ea
1299 2102 1382 2129 tunc
1408 2096 1642 2138 existentibus.
2115 2095 2157 2129 35

324 2148 458 2181 Eodem
487 2158 593 2190 anno„
612 2166 654 2171 -—
678 2148 827 2181 Centum
850 2148 1007 2181 homines
1030 2149 1174 2192 equites,
1197 2160 1268 2181 una
1291 2160 1370 2181 cum
1395 2159 1440 2181 CL
1463 2150 1649 2191 peditibus,
1674 2150 1755 2182 dum
1787 2150 1952 2183 sotiarent
1978 2150 2094 2183 Muci-

235 2212 316 2234 num
340 2202 384 2234 de
407 2201 440 2234 la
461 2201 698 2240 Moschachia,
730 2201 789 2244 qui
812 2201 884 2234 ibat
913 2212 977 2244 pro
1010 2203 1193 2245 capitaneo
1223 2202 1445 2242 Montaneae,
1470 2203 1515 2235 ad
1547 2204 1641 2246 quod
1672 2203 1820 2236 officium
1844 2210 1933 2242 erat⁸
1949 2204 2094 2237 ellectus

237 2266 258 2287 a
281 2260 386 2287 strata
409 2253 578 2297 superiori
601 2265 716 2297 supra,
740 2254 893 2287 insultati
917 2255 1061 2288 fuerunt
1092 2266 1202 2298 prope
1226 2255 1395 2288 Panicum
1420 2267 1440 2288 a
1465 2257 1590 2289 comite
1621 2256 1779 2289 Rodulfo
1810 2257 2000 2301 Paganino,
2023 2257 2093 2289 filio

237 2308 371 2340 comitis
392 2307 591 2340 Mostardae
616 2307 660 2340 de
683 2307 824 2346 Panico,
857 2314 892 2340 et
924 2309 1077 2341 convicti
1110 2309 1253 2342 fuerunt
1276 2316 1311 2342 et
1335 2320 1461 2354 magna
1491 2321 1571 2352 pars
1601 2311 1753 2352 ipsorum
1777 2310 1903 2343 mortui
1933 2310 2091 2348 fuerunt3

237 2359 329 2391 inter
357 2368 442 2401 quos
471 2359 598 2391 mortui
628 2358 771 2391 fuemnt
802 2359 961 2392 dominus
984 2360 1112 2392 Tomas
1136 2360 1268 2392 domini
1291 2360 1507 2393 Lambertini
1532 2362 1576 2393 de
1607 2361 1847 2403 Ramponibus
1877 2361 1985 2399 miles,
2013 2361 2092 2393 Mu-
2116 2362 2158 2393 40

236 2411 335 2444 cinus
357 2412 401 2444 de
423 2411 658 2451 Moschachia,
682 2423 770 2444 unus
794 2413 837 2445 de
860 2412 1104 2452 Lamberfinis,
1128 2424 1216 2446 unus
1241 2414 1284 2446 de
1310 2414 1412 2446 domo
1437 2415 1480 2446 de
1505 2415 1602 2447 Vezo
1631 2420 1665 2447 et
1696 2415 1813 2456 plures
1835 2415 1904 2447 alii.
1945 2413 2026 2452 Qua
2048 2414 2092 2447 de

237 2475 339 2496 causa
362 2474 480 2497 omnes
504 2464 548 2497 de
570 2463 714 2504 Panico,
737 2465 798 2497 filii
821 2465 1055 2510 Maghinardi,
1079 2477 1121 2499 ac
1146 2467 1251 2499 etiam
1275 2467 1328 2499 illi
1349 2467 1549 2511 Magardini
1581 2468 1623 2500 de
1656 2467 1817 2511 Bargatia
1841 2478 1919 2500 cum
1949 2468 2026 2500 aliis
2048 2468 2092 2500 de

237 2517 339 2549 domo
362 2528 423 2550 sua
453 2523 488 2550 et
513 2517 612 2551 multi
634 2518 692 2550 alii
716 2528 835 2551 eorum
857 2529 1025 2562 sequaces
1048 2519 1192 2552 fuerunt
1223 2530 1287 2562 pro
1318 2521 1553 2562 proditoribus
1573 2512 1610 2553 et
1633 2521 1820 2554 rebellibus
1842 2521 1879 2553 in
1902 2521 2017 2553 banno
2034 2531 2094 2554 co-

235 2568 348 2601 munis
368 2568 545 2601 Bononiae
568 2569 670 2611 positi
693 2575 728 2602 et
752 2570 931 2612 descripti.

324 2622 458 2654 Eodem
482 2632 583 2654 anno.
608 2640 650 2645 ——
672 2622 751 2655 Duo
774 2623 959 2665 quarteria,
983 2624 1150 2657 videlicet
1173 2625 1286 2657 sancti
1307 2624 1405 2658 Petri
1429 2631 1464 2658 et
1487 2625 1589 2664 Steri‚
1606 2626 1744 2658 iverunt
1766 2626 1811 2658 ad
1834 2625 2092 2668 refforcandum
2115 2624 2157 2658 45

237 2679 385 2706 castrum
408 2673 540 2713 Panici,
565 2675 659 2718 quod
680 2675 793 2717 pridie
818 2675 1071 2715 destruxerunt,
1096 2683 1131 2709 et
1155 2677 1359 2710 dimiserunt
1381 2678 1431 2710 ibi
1455 2678 1706 2722 quinqueginta
1729 2678 1862 2721 equites
1891 2684 1927 2711 et
1956 2681 2008 2710 νύ
2031 2688 2093 2720 pe-

238 2726 336 2765 dites,
361 2736 505 2769 quorum
529 2728 702 2770 capitanei
725 2728 867 2761 fuerunt
890 2729 1041 2771 Jacobus
1063 2730 1215 2762 Zordani
1240 2731 1284 2763 de
1307 2731 1552 2763 Bocadeferris
1576 2737 1610 2764 et
1640 2731 1788 2773 Jacobus
1812 2731 1943 2763 domini
1965 2731 2092 2764 Dalfini

235 2779 364 2811 Prioris
387 2780 430 2812 de
453 2779 608 2820 Dalfinis,
632 2781 864 2815 Franchutius
888 2782 931 2814 de
955 2782 1084 2815 Rocha
1107 2789 1142 2816 et
1166 2783 1337 2816 Guercius
1361 2784 1405 2816 de
1429 2784 1605 2827 Chucano.

327 2923 359 2949 19
378 2917 518 2950 domibus]
531 2926 600 2951 agg.
613 2917 664 2950 piu}
681 2919 760 2944 tardi
771 2933 803 2938 —
818 2926 849 2952 41
872 2921 900 2945 et
918 2919 1022 2954 plures]
1042 2921 1159 2953 njpemo
1178 2921 1228 2947 due
1241 2923 1316 2947 volte
1334 2922 1511 2955 nell’autogr.
