2196 3424
274 166 434 204 LXVIII
605 163 904 201 PRAEFATIO
932 163 1188 199 LUDOVICI
1214 162 1440 198 ANTONII
1466 161 1773 199 MURATORII

271 300 353 325 nobis
371 306 402 324 ac
419 298 582 331 praesertim
601 296 728 322 suatibus
746 297 784 321 sit
803 296 890 320 multo
910 297 940 320 in
958 295 1066 320 honore
1085 294 1239 320 habendus.
1275 295 1322 319 An
1341 295 1399 327 ejus
1418 294 1581 321 chronicon
1601 294 1782 321 Cherubinus
1795 295 2012 321 Ghirardaeeius
2023 303 2109 321 nove-

272 349 319 377 rit,
337 347 546 378 adhibueritque
565 346 594 370 ln
613 345 785 370 contexenda
803 345 1025 369 Bononienslum
1045 344 1179 372 Historia,
1198 343 1339 368 incertum
1359 343 1438 368 mihi.
1475 343 1545 368 Eum
1564 351 1622 368 non
1640 343 1726 369 semel
1744 344 1881 375 nominat,
1908 344 2049 376 multaque
2067 352 2110 370 re-

270 395 332 427 fert,
352 402 421 427 quae
439 395 559 419 totidem
579 394 671 418 verbls
689 392 750 417 heic
768 393 907 425 leguntur.
943 392 1077 417 Attamen
1090 391 1167 416 illum
1180 398 1334 423 numquam
1347 392 1479 417 nominat
1492 392 1580 417 veluti
1593 392 1782 418 Historiarum
1801 392 1982 425 Scriptorem.
2018 393 2109 418 Immo

271 443 305 469 ad
322 444 436 468 Annum
453 450 461 467 ι
467 449 518 474 374
537 450 595 467 rem
615 442 772 466 mirabilem
791 442 894 472 narrat,
913 448 984 472 quae
1003 441 1060 472 ipsi
1078 440 1223 465 Matthaeo
1241 440 1372 472 contigit,
1385 442 1414 465 et
1425 440 1461 465 ab
1474 441 1538 472 ipso
1552 441 1702 466 memoriae
1714 441 1821 467 tradita
1833 442 1876 467 est
1893 442 1926 467 ln
1945 441 1998 467 hoc
2010 443 2110 468 eodem

271 493 421 522 Chronico,
440 491 487 516 sed
505 492 602 516 narrat
619 491 661 515 uti
680 491 820 522 acceptam
839 497 856 514 a
877 489 1008 522 Johanm's
1026 489 1165 514 Sabbatim·
1181 489 1215 513 de
1232 489 1361 520 Arientis,
1380 490 1412 514 ut
1436 491 1514 521 puto,
1539 490 1677 521 Historla,
1702 497 1760 515 non
1785 492 1879 516 autem
1903 491 1939 516 ab
1948 491 2109 516 dil-torim
2152 497 2166 523 5

270 543 379 571 nostro;
399 547 518 572 eumque
536 539 668 564 eventum
687 539 788 563 tribuit
806 538 936 569 Mustiae,
956 545 1013 563 non
1032 538 1190 568 Mattthaeo,
1210 538 1242 562 de
1262 537 1431 572 Griff‘vm'bus.
1470 538 1579 563 Auctor
1597 539 1640 563 est
1658 546 1725 572 ergo
1739 538 1812 564 idem
1826 539 1987 565 Matthaeus
1999 547 2015 565 e
2034 540 2108 565 vivi·

270 589 403 614 sublatam
420 587 505 613 fuisse
523 595 556 612 eo
575 594 650 612 anno
669 586 840 619 Raphaelam
860 587 1005 611 mulierem
1023 593 1107 618 supra
1125 593 1220 610 omnes
1237 585 1482 617 formosissimam,
1502 593 1587 619 quam
1605 587 1666 618 ipse
1684 587 1838 619 deperibat,
1856 589 1940 620 atque
1959 595 1993 613 eo
2019 588 2109 620 impa-

269 638 385 663 tientiae
405 644 436 662 ac
453 636 658 668 desperationis
676 643 705 660 se
724 636 842 666 venisse,
862 636 894 659 ut
911 635 999 660 lucem
1017 634 1134 668 fugeret,
1155 636 1184 659 et
1197 623 1336 659 mortuam
1349 634 1485 660 feminam
1498 635 1626 668 quotidie
1639 636 1786 669 vocitaret.
1824 635 1919 666 Quum
1931 644 1996 662 ecce
2009 637 2108 662 eadem

271 687 370 711 mulier
387 692 415 710 se
434 685 490 717 ipsi
509 684 659 710 videndam
679 684 789 715 obtulit,
811 684 901 715 qualis
918 684 980 708 erat
998 683 1065 708 olim
1085 684 1189 715 vivens,
1208 684 1238 708 et
1255 691 1319 708 cum
1337 691 1372 708 eo
1393 683 1553 716 colloquuta
1576 685 1626 715 est,
1651 685 1846 717 praesentibus
1869 686 1898 710 et
1921 685 2112 717 spectantibus

268 735 358 759 tribus
376 733 510 758 Matthaei
528 734 634 758 amicis.
672 733 717 758 Tu
735 733 844 764 reliqua
864 733 940 758 vide.
977 732 1111 757 Liberum
1130 733 1167 757 sit
1185 732 1350 764 cuicumque
1368 732 1402 757 de
1421 732 1474 757 hoc
1485 739 1551 758 casu
1562 734 1668 758 sentire
1681 733 1757 766 quod
1777 733 1852 765 velit,
1871 740 1990 765 eumque
2006 735 2057 760 aut
2068 733 2110 759 fia-
2135 741 2169 761 ιο

270 783 349 813 bulis,
368 783 416 807 aut
434 782 548 807 vitiatae
566 781 690 806 hominis
708 781 872 813 phantasiae
891 781 1021 811 tribuere,
1041 787 1210 813 quamquam
1230 781 1397 812 Matthaeus,
1417 782 1462 806 vir
1479 781 1587 814 alioqui
1605 789 1664 807 non
1682 782 1798 807 obtusae
1816 783 1895 813 aciei,
1914 789 1972 807 non
1989 782 2110 809 ludentis

268 831 304 856 ad
321 831 416 861 instar,
435 831 483 855 sed
501 831 572 855 serlo
591 837 648 855 rem
666 830 813 861 describat,
833 831 862 855 et
879 829 1097 862 testes-hujusce
1120 830 1162 854 rei
1186 830 1292 854 nobiles
1317 831 1346 855 et
1363 830 1488 855 oculatos
1506 830 1611 856 laudet.
1647 830 1732 860 Quod
1750 831 1901 862 contendo,
1919 832 1960 857 lta
1977 833 2109 858 eventum

267 880 397 904 describit
416 878 642 910 Gherardaccius,
660 880 692 904 ut
710 879 779 904 satis
798 879 936 909 ostendat,
957 885 986 903 se
1005 879 1149 911 ignorasse
1169 878 1333 904 Chronicon
1351 879 1444 910 hocce,
1463 871 1496 904 ac
1514 881 1666 912 propterea
1676 880 1809 905 libentius
1821 880 1977 906 Historiam
1988 881 2061 907 hanc
2072 881 2108 907 ab

268 928 391 954 Eruditis
402 927 598 959 excipiendam.
636 927 770 953 Ceterum
782 927 844 952 heic
855 928 984 952 invenIas
997 927 1198 958 Mercatoribus,
1211 927 1355 958 Beccariis,
1368 929 1428 953 sive
1441 928 1609 960 lanionibus,
1630 928 1825 962 Campsoribus,
1844 929 1960 962 aliisque
1971 929 2110 963 ejusmodi

269 977 386 1002 Artibus
404 975 526 1001 addIctas
545 976 613 1001 olim
633 976 774 1007 Familias,
792 983 863 1007 quae
880 983 956 1000 nunc
972 975 1075 1001 illustri
1099 975 1254 1001 Nobilitate
1278 976 1441 1008 splendent5
1465 977 1494 1002 et
1516 975 1635 1003 fortasse
1659 985 1804 1002 nonnemo
1823 977 1879 1003 vile
1897 977 1953 1003 sibi
1971 978 2055 1004 ducat
2072 985 2107 1004 ex
2134 982 2166 1011 ις

268 1025 421 1059 Maioribus
437 1026 498 1050 tam
516 1026 604 1050 imum
616 1025 708 1050 locum
720 1025 881 1050 tenentibus
894 1025 1034 1058 originem
1046 1024 1176 1050 traxisse.
1213 1025 1268 1050 Sed
1280 1025 1562 1050 animadvertendum
1574 1027 1624 1056 est,
1637 1033 1724 1058 quum
1737 1026 1806 1051 olim
1819 1027 1850 1051 in
1867 1026 1966 1052 Italiae
1985 1026 2109 1052 Urbibus

267 1074 391 1106 regimen
409 1073 587 1106 Reipublicae
605 1074 680 1106 apud
699 1074 838 1105 Populum
856 1074 885 1098 et
902 1073 986 1098 Artes
1003 1071 1085 1105 foret,
1105 1074 1217 1098 coactos
1236 1072 1323 1099 fuisse
1342 1074 1419 1106 ipsos
1437 1074 1553 1099 Nobiles
1571 1081 1676 1099 nomen
1702 1074 1768 1100 dare
1793 1075 1898 1100 eisdem
1923 1075 2049 1107 Artibus,
2075 1076 2108 1101 ut

267 1122 421 1147 officiorum
439 1123 470 1147 in
488 1122 641 1154 Republica
658 1123 812 1155 participes
829 1122 936 1148 fierent.
973 1122 1067 1154 Atque
1091 1122 1123 1147 id
1141 1122 1328 1154 potissimum
1346 1123 1379 1148 ln
1397 1122 1542 1148 Genuensi
1568 1123 1694 1149 Clvitate
1713 1124 1783 1149 olim
1800 1123 1915 1150 factum.
1951 1124 2021 1150 Inde
2039 1131 2106 1150 vero

267 1170 342 1196 nihil
358 1171 501 1196 nobilitati
519 1171 724 1197 detrahebatur.
759 1171 814 1197 Sed
832 1171 900 1197 haec
917 1171 1002 1196 latius
1020 1170 1092 1196 mihi
1109 1172 1193 1196 erunt
1209 1171 1374 1204 explicanda
1392 1171 1470 1204 alibi,
1488 1172 1514 1198 si
1532 1172 1609 1198 Deus
1627 1173 1717 1198 vitam
1736 1172 1824 1198 dabit.
