2242 3418
139 186 190 223 [A.
209 187 291 222 1413]
719 176 1039 216 MEMORIALE
1068 177 1393 214 HISTORICUM
1900 176 1968 212 101

226 311 496 351 M.CCCCX111‚
521 312 578 344 die
601 321 678 344 xxx
699 312 827 344 martii.
851 330 886 334 —
902 311 1042 344 Orettus
1063 310 1261 355 Augustini,
1286 309 1469 343 Florianus
1492 310 1548 343 del
1573 309 1673 342 Gisso
1688 314 1723 343 et
1747 308 1978 342 Gerardacius

139 366 182 398 de
205 363 344 409 Bacano
368 366 508 398 fuerunt
531 365 719 408 decapitati
743 369 885 407 propter
907 370 1100 398 tractatum.

224 418 292 450 Die
314 428 339 450 v
361 418 487 450 martii.
513 437 554 441 —-
576 417 730 450 Aluisius
753 418 798 451 de
827 417 943 457 Prato,
975 417 1036 461 qui
1058 422 1132 450 erat
1155 421 1264 450 totum
1287 417 1469 450 continens
1492 416 1625 450 domini
1648 426 1769 460 papae,
1793 415 1889 449 venit
1912 413 1978 448 Bo-

138 480 289 504 nomam.

96 523 114 556 5
226 524 293 556 Die
316 533 369 565 Χῖ]
391 524 522 567 aprilis.
554 543 596 547 —-
626 524 893 563 Bartolomaeus,
917 522 1125 557 Franciscus
1155 529 1190 557 et
1220 523 1370 563 Cabriel,
1402 524 1537 562 fratres,
1568 522 1632 555 filii
1662 522 1746 555 olim
1775 522 1907 565 Filippi
1940 521 1984 554 de

139 577 324 610 Guidoctis
347 578 487 610 suerunt
510 577 623 620 capti;
647 587 689 609 ac
713 576 817 609 etiam
841 576 1057 619 infrascripti
1074 576 1146 616 alii,
1162 576 1343 609 videlicet:
1360 576 1588 620 Raymondus
1610 581 1644 608 et
1668 575 1888 614 Guidotinus‚
1913 575 1984 607 fra-

138 635 217 669 tres,
240 630 303 662 filii
327 630 409 662 olim
434 629 634 667 Guidotini;
664 634 698 662 et
727 629 850 662 Petrus
873 630 918 662 de
941 629 1104 662 Guidotis
1127 629 1264 673 aufugit
1271 642 1280 667 ;
1304 634 1339 662 et
1369 628 1458 662 dicti
1481 629 1576 671 capti
1599 629 1739 661 fuerunt
1762 627 1984 661 condemnati
2021 626 2023 628 ’

137 683 185 716 ad
207 683 367 716 standum
382 689 548 726 perpetuo
564 683 601 715 in
617 682 830 721 carceribus3
847 688 882 715 et
896 681 1070 715 Antonius
1085 683 1130 716 de
1145 682 1308 716 Guidotis
1323 688 1445 725 captus
1459 682 1528 715 suit
1550 682 1588 714 in
1612 682 1726 715 Roma
1742 687 1777 714 et
1792 680 1924 724 positus
1947 680 1985 712 in

8 762 20 782 „-
139 736 261 770 Castro
286 736 408 769 Sancti
431 735 571 781 Angeli.
1674 748 1678 753 ·

14 795 21 833 ᾗ
76 789 115 822 10
225 789 292 821 Die
314 799 382 831 v11J
403 790 504 833 junii.
528 809 571 813 —
593 790 673 823 Rex
694 789 901 823 Laudislaus
923 789 1068 822 intravit
1090 789 1239 822 Romam
1262 799 1340 822 cum
1363 788 1513 822 maxima
1544 788 1737 832 quantitate
1767 786 1921 832 gentium
1952 792 1986 819 et

11 836 25 845 ”
99 880 101 882 ,
138 842 271 885 expulit
285 848 383 875 extra
399 843 576 876 dominum
591 848 743 876 nostrum
759 853 884 886 papam
899 843 1092 886 Johannem
1107 842 1238 875 XXIII.
1264 842 1337 882 Qui
1354 842 1514 875 dominus
1529 852 1620 885 papa
1635 840 1773 885 aufugit
1788 839 1985 874 Viterbium

139 900 173 927 et
196 900 315 938 postea
337 896 433 928 venit
456 896 494 928 in
517 896 685 928 Bononia.

226 948 293 980 Die
315 958 405 990 xxvj
426 948 515 992 juni.
541 967 582 972 —
606 940 790 991 Impositus
812 949 880 982 fuit
902 948 996 993 ignis
1018 949 1055 981 in
1079 949 1167 982 turri
1189 947 1433 982 Asinellorum.

227 1001 295 1033 Die
309 1011 339 1043 1J
353 1002 500 1046 augusti.
518 1020 559 1025 ——
575 1001 741 1034 Nicolaus
765 1002 949 1035 Guidotini
973 1003 1018 1035 de
1041 1002 1220 1036 Guidottis
1243 1002 1311 1035 fuit
1335 1002 1563 1045 decapitatus,
1589 1012 1630 1035 eo
1655 1001 1738 1045 quia
1762 1000 1894 1035 dictum
1920 999 1989 1032 fuit

14 1075 21 1091 ς
76 1052 113 1086 15
139 1055 233 1098 quod
256 1054 325 1087 fuit
348 1054 533 1097 culpabilis
555 1054 593 1086 in
615 1065 735 1087 arsura
757 1055 862 1087 turris
883 1053 1127 1088 Asinellorum.

24 1100 29 1110 ⁶
225 1107 293 1140 Die
315 1117 340 1140 v
362 1107 509 1151 augusti.
535 1126 577 1130 —
600 1107 704 1150 Capti
727 1108 867 1140 fuerunt
890 1108 1108 1150 infrascripti
1124 1108 1228 1147 cives,
1249 1108 1432 1142 videlicet:
1457 1108 1617 1142 dominus
1639 1107 1897 1140 Bartolomaeus
1919 1106 1987 1139 Ba-

138 1160 313 1199 roncinus,
338 1160 498 1194 dominus
519 1159 643 1193 Petrus
667 1161 711 1193 de
733 1161 974 1203 Ramponibus
1005 1161 1194 1193 canonicus
1225 1160 1413 1200 Bononiae,
1445 1161 1647 1194 Ludovicus
1671 1161 1716 1194 de
1745 1159 1987 1203 Ramponibus

138 1212 211 1256 ejus
233 1213 353 1252 frater,
376 1213 537 1246 Dolfolus
560 1213 774 1253 cartolarius,
796 1214 972 1257 Johannes
986 1213 1142 1246 Landini
1164 1213 1336 1256 pelacani‚
1352 1214 1505 1246 Thomas
1528 1214 1572 1247 de
1594 1213 1790 1258 Magnanis‚
1813 1212 1988 1256 Johannes

139 1265 292 1299 Luchini
315 1266 518 1310 calegarius,
549 1266 746 1299 Bonifatius
775 1267 865 1299 filius
894 1267 1027 1299 Tomae
1050 1267 1095 1299 de
1117 1266 1313 1310 Magnanis,
1348 1265 1513 1311 Baxiglus
1541 1267 1585 1299 de
1614 1265 1832 1310 Arengheria
1858 1275 1987 1297 metza-

72 1319 114 1351 20
137 1319 218 1358 rius,
249 1319 424 1362 Johannes
446 1319 675 1352 Bellabuscha
697 1319 863 1358 notarius,
886 1319 1144 1352 Bartolomaeus
1166 1319 1276 1352 Viani
1300 1319 1469 1358 becarius,
1495 1319 1665 1363 Georgius
1688 1319 1733 1352 de
1754 1318 1901 1351 Ursellis
1924 1327 1987 1350 no-

139 1372 257 1411 tarius,
288 1372 462 1415 Johannes
492 1371 663 1405 Panicelli
693 1372 877 1415 piliparius
898 1378 933 1405 et
961 1371 1138 1405 Antonius
1168 1372 1212 1405 de
1241 1371 1534 1415 Prindiparfibus,
1566 1372 1782 1405 Hostexanus
1813 1372 1858 1404 de
1884 1370 1988 1403 Plan-

139 1424 290 1469 tavignis
313 1424 477 1457 notarius.

226 1477 294 1509 Die
309 1487 377 1518 an
391 1477 538 1521 augusti.
562 1496 604 1500 ——
628 1478 844 1510 Hostexanus
867 1478 912 1511 de
934 1477 1185 1522 Plantavignis,
1208 1477 1384 1521 Johannes
1406 1488 1462 1510 ser
1482 1477 1638 1511 Landini
1661 1477 1821 1520 pelacani
1844 1482 1879 1510 et
1902 1476 1986 1509 Dol-

0 1554 2 1556 v
137 1531 229 1563 folus
252 1530 465 1570 cartolarius,
488 1530 662 1573 praedicti
685 1531 826 1563 fuerunt
849 1530 1039 1573 decapitati
1062 1535 1206 1573 propter
1227 1536 1412 1564 tractatum
1436 1537 1557 1564 contra
1580 1531 1774 1564 Ecclesiam
1796 1536 1831 1564 et
1855 1530 1913 1564 die
1935 1540 1988 1562 se-

0 1600 19 1630 ¹:
72 1582 113 1616 25
139 1583 259 1627 quenti
282 1584 351 1616 fuit
375 1583 470 1616 dicta
494 1584 538 1617 de
561 1594 664 1616 causa
688 1584 904 1626 decapitatus
926 1584 1102 1627 Johannes
1123 1583 1339 1617 Belabuscha
1362 1584 1516 1617 notarius
1538 1584 1747 1627 praedictus.

2 1631 16 1647 ’ἦ
226 1637 360 1670 Eodem
382 1646 474 1669 anno
494 1637 589 1676 1413,
605 1636 664 1670 die
678 1646 729 1669 xv
744 1636 890 1680 augusti.
908 1655 949 1659 —-
966 1635 1120 1670 Fuenmt
1135 1637 1301 1670 confinati
1316 1637 1533 1680 infrascripti
1557 1637 1650 1670 cives
1666 1643 1701 1670 et
1715 1637 1810 1669 missi
1833 1637 1880 1670 ad
1903 1646 1986 1669 eon-

139 1689 222 1722 finia
235 1689 394 1722 Aretium
410 1689 448 1721 in
463 1689 604 1728 Tuscia,
621 1689 801 1722 videlicet:
820 1690 980 1723 dominus
993 1689 1117 1723 Petrus
1133 1690 1178 1723 de
1194 1690 1352 1733 Scappis,
1367 1690 1543 1734 Johannes
1559 1690 1603 1723 de
1618 1689 1808 1723 Bataviciis
1821 1689 1985 1729 notarius,

139 1742 261 1775 Gratia
284 1742 487 1786 calegarius,
511 1741 722 1775 Benedictus
743 1742 927 1782 lanaroluS,
950 1742 1210 1776 Bartolomaeus
1242 1743 1347 1776 Viani
1378 1743 1547 1782 becarius‚
1571 1743 1745 1786 Johannes
1768 1743 1842 1787 ejus
1865 1743 1985 1782 frater,

138 1795 344 1828 Guilielmus
368 1796 412 1828 de
434 1795 579 1827 Lamola
601 1794 774 1834 notarius‚'
796 1795 948 1839 Jacobus
971 1797 1016 1829 de
1038 1796 1191 1840 Corigiis
1206 1796 1404 1840 macarius,
1422 1796 1597 1840 Johannes
1611 1796 1764 1829 Luchini
1780 1796 1981 1840 calegarius,

72 1850 114 1881 30
138 1849 259 1881 Petrus
283 1848 467 1881 Scornetta
489 1849 704 1892 calc-elarius,
727 1849 872 1881 Munsus
896 1849 940 1881 de
963 1848 1151 1882 Sabadinis
1173 1850 1338 1889 notarius,
1369 1849 1536 1882 Nicolaus
1559 1850 1604 1882 de
1626 1848 1892 1893 Negosantibus‚
1916 1849 1985 1881 Ge-

138 1901 298 1934 rardinus
321 1902 366 1935 de
389 1901 562 1941 Guidotis‚
585 1901 744 1944 Baptista
765 1907 800 1934 et
821 1902 973 1945 Jacobus
989 1903 1032 1935 de
1048 1902 1402 1946 Guidottis‚.Jacobus
1417 1903 1461 1935 de
1481 1902 1616 1941 Orittis‚
1638 1902 1789 1945 Jacobus
1812 1902 1984 1935 Guidonis

138 1955 182 1987 de
204 1955 326 1988 Castro
348 1954 460 1987 sancti
482 1955 588 1994 Petri,
603 1955 811 1988 Laurentius
833 1955 876 1987 de
898 1955 1022 1998 Cospis
1044 1961 1224 1995 mercator,
1246 1955 1420 1989 Antonius
1443 1956 1488 1988 de
1509 1955 1802 1998 Prindipartibus‚
1826 1955 1985 1988 dominus

138 2008 401 2049 Bartolomaeus
417 2007 643 2048 Baroncinus,
667 2008 827 2041 dominus
856 2008 979 2041 Petrus
1009 2010 1054 2042 de
1084 2009 1325 2051 Ramponibus
1348 2009 1537 2042 canonicus
1560 2009 1792 2047 bononiensis,
1825 2009 1984 2042 dominus

22 2098 27 2108 ⁴-
138 2061 280 2093 Marcus
303 2061 347 2094 de
370 2060 533 2094 Canitulo
556 2061 670 2106 legum
693 2062 827 2101 doctor,
850 2061 1014 2106 magister
1034 2062 1210 2106 Johannes
1232 2062 1387 2106 magistri
1412 2062 1573 2095 Guidotti
1596 2062 1761 2095 medicus.

73 2113 114 2149 35
227 2114 294 2146 Die
316 2124 384 2155 ΧΗ]
407 2114 619 2157 septembris.
645 2133 686 2137 —
711 2115 805 2147 Gens
827 2125 999 2147 armorum
1023 2115 1241 2148 dominorum
1264 2116 1309 2148 de
1331 2115 1524 2149 Malatestis
1547 2120 1582 2148 et
1605 2115 1742 2147 comitis
1763 2115 1915 2148 Ludoici
1939 2116 1983 2148 de

17 2160 19 2162 V
137 2168 319 2211 Zagonara
342 2167 593 2200 insultaverunt
615 2167 827 2201 territorium
841 2168 1021 2201 Bononiae
1036 2174 1157 2202 contra
1172 2169 1365 2201 Ecclesiam
1388 2174 1422 2201 et
1437 2169 1596 2202 fecerunt
1610 2168 1796 2201 maximum
1820 2169 1982 2201 damnum

126 2214 173 2254 ‘et
196 2226 366 2253 venerunt
387 2231 495 2264 usque
518 2221 565 2254 ad
587 2226 743 2254 sanctum
766 2221 946 2265 Lacarum.

226 2274 293 2306 Die
322 2274 444 2306 ultimo
474 2273 636 2307 octobris.
668 2292 710 2297 ——
734 2273 942 2307 Franciscus
963 2273 1110 2308 Antonii
1133 2275 1231 2308 Bassi
1254 2275 1413 2308 becarius
1442 2275 1510 2309 fuit
1541 2275 1758 2318 decapitatus
1787 2275 1825 2307 in
1850 2274 1982 2317 Campo

137 2327 220 2359 Fori
244 2332 387 2369 propter
409 2332 592 2359 tractatum
615 2332 737 2359 contra
760 2333 914 2360 sanctam
937 2337 1112 2360 romanam
1136 2328 1339 2362 Ecclesiam.

73 2381 115 2413 40
226 2380 293 2412 Die
308 2390 366 2421 111J
381 2379 587 2413 novembris.
605 2398 646 2403 ——
662 2379 782 2413 Finita
797 2381 866 2413 fuit
881 2381 1016 2423 capella
1030 2381 1068 2413 in
1085 2387 1203 2414 sancto
1219 2382 1416 2422 Dominico,
1432 2382 1492 2416 ubi
1507 2387 1559 2416 est
1582 2391 1708 2425 corpus
1725 2381 1846 2415 Sancti
1862 2381 1982 2414 Domi-

138 2433 222 2473 nici,
247 2443 349 2476 quam
373 2433 539 2475 compleri
562 2433 648 2466 fecit
672 2434 839 2466 dominusv
853 2432 1027 2467 Antonius
1051 2435 1095 2467 de
1117 2435 1346 2479 Tauxignano
1371 2436 1494 2468 doctor
1515 2436 1640 2479 legum.

226 2486 293 2519 Die
316 2496 384 2527 v11J
406 2485 612 2519 novembris.
629 2504 671 2510 —
694 2487 898 2520 Bonifacius
920 2488 1010 2520 filius
1032 2488 1163 2521 Tomae
1187 2489 1231 2521 de
1253 2488 1450 2533 Magnanis‚
1467 2489 1622 2522 notarius
1645 2490 1690 2523 de
1713 2494 1819 2523 strata
1842 2488 1982 2533 Majori,

139 2539 207 2572 fuit
231 2539 448 2582 decapitatus
471 2539 509 2571 in
530 2539 645 2582 platea
667 2545 810 2582 propter
832 2545 1015 2573 tractatum
1039 2546 1160 2574 contra
1183 2541 1386 2574 Ecclesiam.

8 2621 14 2624 ,,
225 2593 292 2624 Die
315 2602 354 2633 x]
377 2592 583 2625 novembris.
609 2611 649 2615 —
672 2593 841 2626 Dominus
863 2599 980 2627 noster
1009 2604 1100 2636 papa
1129 2594 1304 2637 Johannes
1333 2595 1455 2628 XXIII
1479 2606 1634 2628 reversus
1657 2601 1708 2628 est
1731 2601 1766 2629 et
1796 2595 1893 2628 venit
1915 2595 1983 2627 Bo—

7 2667 26 2684 „3
73 2643 114 2677 45
139 2645 279 2678 noniam
302 2651 337 2678 et
359 2645 551 2688 hospitatus
581 2646 650 2678 fuit
679 2651 777 2679 extra
799 2652 934 2689 portam
956 2652 1083 2679 stratae
1106 2647 1217 2680 sancti
1242 2647 1378 2680 stefani
1408 2648 1446 2680 in
1478 2649 1582 2681 domo
1604 2649 1775 2692 Johannis
1806 2649 1850 2682 de
1879 2647 1982 2680 Bolo-

138 2699 256 2742 gninis
277 2704 312 2732 et
335 2699 435 2731 duxit
465 2709 580 2731 secum
610 2699 802 2732 Bononiam
833 2700 1033 2739 confinatos,
1065 2700 1125 2743 qui
1156 2706 1256 2733 erant
1284 2711 1400 2733 secum
1431 2700 1468 2732 in
1499 2701 1624 2741 Roma,
1655 2707 1830 2744 tamquam
1865 2700 1982 2733 amba-

138 2751 298 2791 xiatores,
321 2751 487 2785 videlicet
509 2752 598 2791 illos,
622 2752 682 2796 qui
705 2753 846 2785 fuerunt
868 2753 962 2785 missi
985 2753 1143 2792 Romam,
1167 2754 1270 2786 modo
1293 2759 1344 2787 est
1366 2763 1454 2786 unus
1476 2763 1587 2787 annus
1609 2754 1810 2797 completus.
1856 2754 1902 2787 Et
1925 2753 1984 2787 die

138 2805 295 2848 sequenti
318 2805 462 2838 intravit
486 2805 601 2838 dictus
624 2805 784 2838 dominus
807 2811 922 2839 noster
944 2817 1036 2849 papa
1058 2806 1096 2838 in
1119 2806 1277 2840 Bononia
1300 2817 1379 2841 cum
1402 2807 1551 2840 maximo
1574 2807 1716 2840 honore.

231 2937 263 2963 19
280 2929 453 2965 Bonifatius]
472 2940 540 2965 agg.
555 2930 604 2964 pit}
621 2932 698 2958 tardi
715 2946 747 2951 —
767 2938 848 2958 21-22
867 2933 1100 2959 Hostexanus....
1120 2933 1260 2967 notarius]
1279 2941 1346 2967 agg.
1361 2932 1411 2966 pir>
1429 2933 1506 2959 tardi

2056 324 2077 339 c.
2093 322 2133 343 172
2148 324 2162 338 ο

2061 1652 2080 1668 c.
2095 1649 2137 1670 173
2151 1651 2165 1665 a

2086 1811 2135 1829 un„
2151 1806 2193 1825 222
