2242 3418
155 180 241 216 [ΛΑ.
261 181 454 214 1428-1472]
736 173 1056 209 MEMORIALE
1083 172 1407 208 HISTORICUM
1924 169 1937 203 l
1951 168 1963 203 l
1977 168 1990 203 1

154 311 324 340 strenuum
346 306 457 338 virum
480 305 639 338 hulmum
654 306 696 338 de
710 304 832 338 Sancto
854 303 1032 338 Sceverino
1054 305 1269 348 capitaneum
1291 302 1487 345 generalem
1509 302 1666 345 gentium
1689 312 1861 334 armorum
1877 300 2002 345 populi

156 359 367 401 bononiensis,
391 363 424 391 et
445 359 610 392 dederunt
630 352 964 391 comissionem²dicto
994 358 1180 401 capitanea,
1204 360 1243 388 ut
1263 356 1331 388 iret
1360 359 1478 388 contra
1509 356 1633 387 dictum
1657 354 1840 387 ,Nicolaum
1863 355 1904 386 de
1931 353 1997 386 To-

155 413 288 445 lentinO.
312 411 391 454 Qui
409 412 606 455 capitaneus
628 412 716 444 illico
738 422 812 443 cum
833 411 993 454 gentibus
1016 421 1188 443 armorum
1211 409 1429 452 expugnavit
1444 409 1593 440 viriliter
1608 408 1734 440 dictum
1760 408 1943 440 ,Nicolaum
1966 412 1999 439 et

155 465 234 497 bene
254 465 384 506 merito,
408 465 489 507 quia
510 465 543 496 si
560 465 755 506 accessisset,
780 475 843 507 quo
866 465 1022 496 accedere
1052 463 1196 503 debebat,
1220 462 1286 494 sibi
1313 473 1377 493 non
1400 462 1558 494 evenisset
1584 461 1654 494 hoc.
1700 462 1752 494 Et
1780 462 1906 493 dictum
1919 460 2000 505 fuit

112 516 130 550 5
155 518 246 561 quod
263 518 334 549 sine
346 515 440 562 sallo
462 518 570 550 dt'etus
592 517 756 550 Mcolaus
771 527 845 549 cum
861 517 1018 549 comitiva
1039 527 1100 548 sua
1115 515 1292 555 amixerat,
1309 515 1399 547 inter
1414 525 1521 556 arma,
1539 525 1645 558 equos,
1669 519 1773 547 vestes
1788 519 1822 546 et
1835 518 1997 557 argenta,

154 570 302 602 valorem
324 571 507 613 sexaginta
530 570 637 602 millia
648 570 859 615 florenorum
882 568 979 601 auri!
1025 569 1077 600 Et
1098 569 1196 611 capti
1213 566 1365 612 fuerunt
1390 567 1483 599 ultra
1506 568 1739 611 quadreginta
1762 566 1938 610 armigeri
1957 567 1998 598 de

154 623 313 666 gentibus
334 623 420 655 dicti
440 623 584 656 M'colai
603 627 638 655 et
657 622 766 654 adbuc
781 633 864 654 unus
879 622 1012 665 exfilizls
1027 622 1112 653 dicti
1126 621 1275 663 Nicolai,
1301 621 1361 663 qui
1374 621 1462 653 illico
1479 621 1575 653 ducti
1585 620 1735 665 fuerunt
1755 620 1943 653 Bononiam
1967 624 2001 652 et
2024 626 2026 628 ’

153 676 324 708 carcerati
342 676 379 708 in
401 675 591 708 carceribus
611 675 758 707 comum’s
778 674 960 707 Bononiae.
1006 675 1059 706 Et
1069 674 1166 717 filius
1181 674 1268 706 dicti
1280 673 1424 706 M'colai
1434 672 1515 718 fuit
1529 674 1657 717 positus
1672 674 1709 706 in
1723 684 1859 707 camera
1881 677 2000 705 vocata

155 729 187 762 el
210 729 311 762 forno
333 729 447 772 posita
469 729 506 761 in
527 728 659 773 palatio
681 728 890 760 dominorum
912 727 1138 760 antianorum.

0 863 2 865 >
42 896 45 901 ’
93 887 133 920 10
243 886 655 920 M.CCCCLXXJJ.
685 905 726 910 —-
758 886 850 918 Isto
887 897 993 918 anno
1023 897 1205 929 magnus
1242 897 1387 919 rumor
1407 886 1507 930 suit
1535 887 1770 929 Bononiae,
1801 889 1990 930 propter

0 1922 14 2135 ,-Ἰ,,ς-,,.,,
0 1876 6 1895 ,,

0 2624 9 2738 -v—-w-‚aem
0 2600 2 2603 -

155 945 332 973 mortem
360 939 543 973 Antonii
568 939 730 971 domini
754 936 945 980 Jaclzobi
970 940 1018 971 de
1046 939 1168 981 Lino,
1199 940 1275 982 qui
1302 944 1492 972 mortuus
1513 938 1614 983 fuit
1642 951 1664 972 a
1694 940 2001 973 Bartolomaeo

146 992 259 1037 filio
287 994 437 1037 spurio
461 993 624 1025 domini
647 992 898 1037 Cristosari
918 993 965 1025 de
989 992 1293 1038 CafanimiciS,
1327 993 1401 1036 qui
1420 992 1731 1037 inculpaverat
1753 994 1891 1037 ipsum
1914 992 2001 1025 An-

156 1047 315 1079 tonium
345 1045 605 1090 interfeci-se
637 1044 861 1078 Caesarem
892 1047 983 1090 ejus
1004 1045 1180 1090 filium.
1226 1046 1292 1078 Ex
1321 1057 1401 1089 qua
1431 1051 1566 1078 morte
1595 1046 1783 1079 Antonii
1811 1047 2003 1078 dominus

155 1097 317 1140 Joanes
346 1099 395 1131 de
423 1098 726 1141 Bentivolglis
759 1099 952 1131 comburi
973 1098 1095 1143 fecit
1127 1100 1287 1131 domum
1321 1100 1432 1131 ditti
1463 1100 1628 1132 domini
1660 1098 1929 1144 Cristosori;
1964 1103 2004 1131 et

94 1151 132 1184 15
155 1153 293 1184 omnia
320 1163 395 1184 sua
423 1152 542 1194 bona,
574 1163 680 1195 quae
708 1152 774 1184 ibi
792 1153 836 1184 in
857 1153 1184 1185 domo'invemta
1198 1151 1388 1196 fuerunt
1409 1157 1583 1185 exstare
1605 1157 1646 1185 et
1667 1153 1883 1185 combusta
1897 1151 2002 1196 fue-

156 1210 271 1248 runt,
295 1216 343 1237 ac
371 1205 502 1237 eciam
531 1209 722 1237 mortuus
747 1205 848 1249 suit
880 1205 1163 1248 Braiguerra‚
1194 1209 1381 1249 nepotem
1413 1206 1520 1237 dicti
1540 1206 1702 1238 domini
1737 1205 2001 1249 Cristofari.

156 1258 263 1291 Post
295 1258 396 1290 llaec
429 1258 620 1290 dominus
651 1258 930 1303 Cristosarus
958 1259 1153 1291 exclusas
1173 1257 1276 1303 fuit
1305 1259 1353 1290 de
1383 1269 1554 1291 numero
1577 1260 1842 1291 dominorum
1870 1259 1941 1290 xvi
1966 1263 2005 1290 et

156 1309 388 1354 confinatus
410 1322 498 1343 cum
520 1312 609 1343 suis
630 1311 867 1356 affinibus,
890 1312 1065 1344 scilicet
1086 1312 1279 1344 dominus
1301 1311 1549 1344 Alexander
1571 1312 1716 1355 legum
1740 1313 1890 1344 doctor
1912 1314 2004 1356 ejus

147 1362 285 1408 filius
306 1368 347 1396 et
367 1363 634 1397 Franciscus
661 1365 751 1409 ejus
780 1368 924 1409 nepos,
949 1369 989 1397 et
1009 1365 1053 1397 in
1082 1365 1173 1408 ejus
1202 1364 1292 1396 Ioco
1315 1365 1358 1396 in
1380 1365 1492 1397 ditto
1514 1375 1685 1397 numero
1713 1366 1882 1408 positus
1903 1365 2003 1409 fuit

91 1417 134 1449 20
155 1417 344 1449 dominus
372 1416 626 1450 Bernardus
655 1419 703 1450 de
731 1416 905 1459 Sosano,
936 1418 1222 1450 amicissimus
1255 1418 1361 1449 dicti
1392 1418 1556 1450 domini
1582 1416 1740 1459 Joanis
1770 1419 1818 1450 de
1848 1418 2002 1451 Benti-

157 1469 340 1513 volglis.

251 1600 329 1619 10-21
351 1593 459 1624 Queoto
477 1595 578 1619 ultimo
596 1595 685 1620 bmno
703 1592 718 1619 ὲ
735 1595 809 1620 stato
827 1595 962 1627 aggiunto
981 1595 1011 1620 dl
1030 1601 1113 1620 mmo
1133 1594 1242 1620 diver-a
1260 1594 1331 1620 dalla
1348 1596 1527 1627 precedente.

2075 577 2149 600 ΜυιιἾ
2167 576 2205 596 23⁴
