2196 3424
24 171 25 174 Ἰ
81 197 168 235 [ΛΑ.
187 197 379 231 1253-1257]
663 191 987 228 MEMORIALE
1014 191 1340 228 HISTORICUM
1878 194 1922 229 13

169 325 303 359 Eodem
327 335 428 359 anno.
454 344 496 349 —
521 325 672 365 Quidam
695 325 842 370 projecit
863 326 899 359 in
923 333 1028 369 puteo
1051 331 1190 360 sanctae
1213 296 1360 371 Agnetis
1382 338 1487 359 unum
1513 338 1612 360 suum
1644 332 1817 370 nepotem,
1841 338 1925 371 qua-

20 406 23 410 .
79 385 223 422 propter
246 383 368 422 captus
389 379 457 412 fuit
480 384 515 412 et
537 380 667 422 positus
689 380 756 413 fuit
778 380 890 413 nudus
911 380 948 412 in
971 391 1040 413 una
1063 385 1186 424 vegete
1209 379 1314 422 plena
1337 379 1447 413 clodis
1469 381 1621 423 puntatis
1644 386 1679 413 et
1703 381 1827 414 ductus
1850 381 1924 413 vol-

21 425 23 429 ’
80 432 197 477 gendo
219 437 379 476 vegetem
402 443 509 475 usque
533 433 578 465 ad
601 433 716 466 locum
739 433 799 466 ubi
821 433 888 466 fuit
912 433 1138 476 decapitatus.

166 485 388 519 M.CCL1111.
412 504 454 509 —
477 486 644 519 Dominus
675 487 864 520 Ubertinus
895 487 938 519 de
969 486 1085 531 Ugino
1115 486 1183 519 fuit
1204 492 1356 529 potestas
1379 486 1565 520 Bononiae.
1612 487 1665 519 Eo
1696 497 1787 520 anno
1809 487 1924 520 Bono-

27 537 59 571 <5
83 539 221 572 aienses
243 538 454 572 obsederunt
476 538 636 572 Cerviam
661 545 696 573 et
718 539 913 573 habuerunt
935 550 1021 572 eam.
1087 552 1091 554 >

167 591 302 624 Eodem
325 602 427 625 anno.
452 610 494 615 —
517 592 614 625 Duae
646 593 758 625 voltae
790 592 959 626 ecclesiae
990 593 1135 625 fratrum
1165 592 1339 625 Minorum
1370 593 1481 625 sancti
1512 593 1690 626 Francisci
1721 594 1924 627 ceciderunt

79 650 114 677 et
136 644 341 677 occiderunt
356 644 480 678 multas
510 646 670 678 mulieres
686 652 721 679 et
736 656 900 689 personas
922 651 991 678 tam
1014 646 1184 679 masculos
1200 657 1301 689 quam
1325 646 1494 678 foeminas
1501 658 1511 684 ;
1536 652 1571 679 et
1587 647 1780 690 campanile
1804 647 1924 680 Sancti

78 697 174 730 Petri
198 697 242 730 de
265 697 408 740 plumbo
431 698 499 732 fuit
521 704 710 741 copertum.

20 743 24 752 ²
168 750 357 784 M.CCLV.
382 769 424 774 —-
446 751 615 784 Dominus
636 752 810 796 Ricardus
833 753 877 785 de
901 752 994 785 Villa
1025 752 1092 785 fuit
1121 757 1271 795 potestas
1301 752 1476 785 Bononiae
1509 758 1543 786 et
1572 753 1731 786 dominus
1753 753 1924 796 Jordanus

32 803 56 836 0
79 803 123 836 de
147 803 283 837 Lucino
307 803 373 836 fuit
405 805 606 847 capitaneus
628 806 745 848 populi
770 806 964 844 Bononiae;
990 811 1024 838 et
1046 805 1113 838 fuit
1135 806 1265 848 primus
1293 805 1492 848 capitaneus
1516 806 1575 849 qui
1597 806 1664 839 fuit
1690 806 1726 838 in
1756 806 1921 839 Bononia.

166 856 301 889 Eodem
325 867 427 890 anno.
452 876 494 880 -
518 856 701 896 Quaedam
725 858 813 891 duae
837 858 948 891 malae
971 858 1143 897 mulieres,
1174 858 1309 891 scilicet
1339 858 1478 891 Morbia
1500 864 1536 891 et
1557 858 1756 898 Ymeldina,
1780 860 1921 892 fuerunt

78 909 276 943 combustae
293 920 335 943 eo
353 910 434 953 quia
455 911 735 945 afacturaverant
751 917 786 945 et
802 922 880 945 cum
903 912 1134 944 affatui-amris
1156 911 1406 944 interfecerant
1423 911 1597 944 dominam
1615 911 1811 951 Ghixelam,
1834 923 1921 945 uxo-

76 973 148 995 rem
173 962 304 995 domini
326 963 465 995 Nicolai
488 963 532 996 de
549 963 766 997 *Bacelleriia

13 1048 18 1059 ›‚
164 1015 299 1048 Eodem
323 1026 425 1049 anno.
450 1034 491 1039 —
515 1016 646 1050 Civitas
667 1017 845 1051 Bononiae
868 1018 936 1051 fuit
966 1018 1232 1051 excomunicata
1253 1017 1522 1063 per,quemdam
1548 1017 1772 1060 capellanum,
1791 1019 1922 1052 domini

26 1066 52 1102 v5
75 1078 197 1111 papae,
222 1069 406 1102 occasione
430 1069 562 1103 domini
583 1070 855 1103 Branchaleonis
878 1071 922 1104 de
945 1070 1096 1104 Andalo.

164 1121 299 1154 Eodem
315 1132 424 1167 anno.
449 1141 491 1146 —
515 1122 660 1165 Capella
681 1124 860 1166 potestatis
881 1124 1059 1157 Bononiae
1083 1129 1118 1157 et
1133 1123 1256 1156 seralia
1278 1135 1322 1156 ex
1343 1129 1488 1167 utraque
1511 1128 1608 1166 parte
1632 1124 1727 1157 facta
1749 1124 1898 1158 fuerunt.

163 1175 298 1208 Eodem
321 1186 424 1209 anno.
447 1194 490 1200 -
512 1176 680 1209 Dominus
702 1177 872 1221 Ugolinus
895 1177 1085 1220 Caprecius
1100 1177 1143 1210 de
1159 1177 1390 1210 Lambertinis
1412 1177 1591 1210 interfecit
1613 1177 1786 1210 dominam
1809 1178 1921 1210 Mam-

11 1247 14 1249 >
76 1228 205 1268 biliam,
229 1228 302 1272 ejus
324 1240 481 1263 uxorem.
1647 1256 1650 1257 γ

165 1282 299 1315 Eodem
330 1294 432 1316 anno.
456 1302 499 1307 —
522 1283 720 1317 Tridentini
750 1285 1006 1318 rebellaverunt
1036 1296 1073 1317 se
1104 1284 1259 1317 Ycillino
1294 1289 1441 1328 tyranno
1473 1289 1507 1316 et
1538 1284 1651 1316 dictus
1684 1284 1843 1317 Ycilinus
1876 1285 1919 1317 ti-

30 1335 52 1368 0
75 1346 203 1368 rannus
225 1336 342 1369 occidi
365 1337 452 1370 fecit
475 1337 722 1377 Giramontem,
745 1338 889 1371 fratrem
912 1349 1021 1378 suum,
1038 1344 1074 1372 et
1088 1338 1291 1376 Ycillinum‚
1308 1337 1381 1380 ejus
1396 1342 1568 1380 nepotem,
1592 1338 1698 1370 filium
1721 1338 1822 1371 unius
1837 1349 1919 1371 suae

75 1388 212 1421 sororis.

161 1441 368 1475 M.CCLVI.
393 1461 435 1466 —
457 1443 626 1477 Dominus
647 1443 855 1477 Manfredus
878 1445 922 1477 de
945 1444 1115 1488 Marengo
1138 1444 1205 1476 fuit
1228 1448 1379 1486 potestas
1400 1442 1578 1475 Bononiae
1610 1447 1644 1475 et
1672 1443 1830 1476 dominus
1853 1444 1921 1476 Bo-

10 1519 11 1524 ,
73 1494 251 1527 nacursius
275 1495 318 1528 de
342 1495 506 1529 Surixina
529 1497 572 1528 de
594 1497 715 1530 Brixia
736 1497 804 1530 fuit
826 1498 1027 1540 capitaneus
1042 1497 1160 1540 populi
1182 1496 1370 1529 Bononiae.

162 1547 298 1580 Eodem
321 1559 423 1582 anno.
447 1567 489 1572 —
512 1549 695 1583 Ycellinus
718 1551 762 1583 de
785 1550 946 1583 Romano
969 1550 1106 1584 obsedit
1136 1550 1310 1582 civitatem
1339 1547 1505 1581 Mantuae
1529 1553 1564 1580 et
1591 1557 1661 1580 non
1686 1548 1844 1581 obtinuit.
1874 1549 1920 1581 Et

74 1606 157 1633 tunc
180 1601 257 1643 ipso
279 1601 444 1634 Ycellino
468 1603 639 1636 existente
663 1604 796 1636 circum
826 1603 1017 1642 Mantuam,
1041 1603 1201 1636 dominus
1233 1600 1527 1643 archiepiscopus'
1549 1601 1741 1634 Ravennae
1768 1602 1830 1634 ivit
1852 1602 1919 1634 Pa-

75 1652 178 1685 duam
195 1658 231 1686 et
245 1654 384 1696 accepit
399 1653 555 1687 Paduam
570 1655 735 1688 Ycillino.
782 1654 890 1694 Quod
912 1656 1075 1694 sentiens,
1099 1655 1272 1687 Ycillinus
1296 1653 1469 1686 comburri
1486 1659 1521 1686 et
1543 1653 1629 1686 mori
1652 1653 1740 1686 fecit
1762 1655 1838 1685 xnm
1853 1653 1920 1687 Pa-

0 1681 9 1742 ,ὶ
74 1705 216 1744 duanos,
239 1716 326 1749 quos
347 1717 464 1739 secum
487 1706 647 1747 habebat,
672 1708 753 1751 quia
775 1719 846 1742 non
869 1709 982 1751 potuit
1003 1719 1208 1750 recuperare
1224 1707 1391 1740 Paduam.

161 1758 297 1791 Eodem
320 1769 422 1792 anno.
445 1778 488 1783 —-
512 1760 716 1794 Griffolinus
743 1761 859 1795 factus
888 1762 955 1795 fuit
978 1762 1138 1794 dominus
1169 1760 1317 1794 civitatis
1347 1760 1487 1792 Brixiae
1519 1765 1554 1792 et
1585 1759 1728 1802 expulsa
1755 1766 1807 1793 est
1839 1771 1919 1804 pars

7 1822 28 1831 ⁴*
73 1811 252 1845 Ecclesiae
276 1817 312 1845 et
332 1812 592 1852 Bontraversus‚
616 1824 718 1847 socer
739 1814 896 1854 Ycillini,
919 1815 1124 1848 interfectus
1147 1814 1223 1847 fuit.

11 1903 13 1905 ¹
161 1865 296 1898 Eodem
319 1875 421 1898 anno.
439 1884 481 1889 —
496 1866 735 1900 Bononienses
757 1868 923 1901 miserunt
944 1867 1124 1901 Mantuam
1141 1877 1208 1899 ccr„
1223 1867 1348 1899 milites
1365 1872 1400 1900 et
1415 1876 1460 1899 cr.
1475 1866 1667 1900 balistarios
1684 1872 1805 1900 contra
1819 1867 1917 1899 Ycil-

9 1942 11 1947 Α
71 1917 179 1950 linum
202 1918 387 1957 tirannum,
411 1919 471 1962 qui
493 1925 577 1952 tunc
599 1919 780 1953 Mantuam
804 1920 996 1954 obsidebat.

160 1970 295 2004 Eodem
318 1981 419 2004 anno.
444 1990 486 1995 —
509 1972 667 2005 Castrum
689 1973 935 2017 Bagnacavalli
958 1974 1055 2007 venit
1077 1974 1122 2006 ad
1145 1974 1308 2006 mandata
1339 1973 1496 2006 comunis
1525 1973 1713 2006 Bononiae.
1760 1974 1806 2006 Et
1836 1979 1918 2007 tunc

0 2023 8 2106 ξ
72 2032 220 2056 comune
242 2023 421 2063 Bononiae
445 2024 491 2057 ad
513 2024 609 2058 dicta
631 2025 720 2065 loca,
743 2026 908 2059 videlicet
924 2026 1123 2066 Forlivium,
1146 2027 1349 2059 Faventiam
1373 2032 1408 2059 et
1423 2026 1724 2070 Bagnacavallum‚
1742 2026 1918 2059 mandavit

0 2103 11 2115 ς
70 2081 269 2119 potestates.

0 2126 47 2164 {85
161 2130 294 2163 Eodem
317 2141 419 2164 anno.
444 2149 486 2154 —
509 2131 661 2174 Jacobus
684 2131 885 2175 Capellinus
907 2133 951 2166 de
974 2133 1133 2166 Bononia
1154 2133 1222 2166 fuit
1244 2139 1398 2166 mortuus
1419 2143 1440 2165 a
1462 2132 1541 2165 filiis
1563 2132 1632 2165 suis
1654 2133 1812 2175 propriis,
1842 2133 1918 2175 ipso

68 2181 207 2229 jacente
229 2183 266 2215 in
289 2183 381 2217 lecto
404 2194 467 2217 suo
491 2195 570 2217 cum
592 2195 703 2218 uxore
727 2196 797 2218 sua.

159 2236 295 2269 Eodem
318 2247 421 2270 anno.
445 2255 487 2261 —
509 2237 746 2272 Bononienses
770 2245 926 2272 emerunt
949 2245 1124 2272 terrenum
1147 2240 1207 2273 ubi
1231 2246 1282 2273 est
1305 2240 1667 2284 rochaTauxignani.

159 2289 293 2323 Eodem
315 2300 418 2324 anno.
442 2308 484 2314 —
508 2291 681 2324 Ycillinus
704 2292 748 2325 de
771 2292 934 2327 Romano
957 2293 1147 2326 exercitum
1172 2299 1292 2327 contra
1314 2294 1468 2327 Paduam
1492 2293 1663 2326 ordinavit
1687 2298 1721 2327 et
1743 2292 1850 2326 nichil
1865 2293 1919 2326 fa-

71 2352 152 2375 cere
175 2343 297 2385 potuit.

0 2391 47 2435 2³⁴0
160 2395 296 2428 Eodem
319 2406 422 2429 anno.
446 2415 488 2420 —-
510 2396 731 2441 Arengheria
753 2409 845 2431 nova
866 2399 986 2442 palatii
1010 2400 1165 2433 comunis
1187 2400 1367 2433 Bononiae
1391 2400 1486 2433 facta
1508 2401 1585 2433 fuit.

157 2448 380 2482 M.CCLVII.
404 2467 446 2472 -—
468 2449 638 2483 Dominus
658 2451 891 2484 Bonacursius
913 2452 956 2484 de
981 2452 1154 2485 Surixana
1175 2453 1242 2485 fuit
1264 2458 1416 2495 potestas
1435 2453 1623 2486 Bononiae.

158 2501 294 2535 Eodem
318 2512 420 2535 anno.
445 2521 487 2525 —
510 2503 633 2536 Turris
656 2503 877 2537 Cornachina
899 2505 1076 2538 destructa
1098 2505 1166 2538 fuit
1189 2511 1224 2538 et
1246 2506 1426 2539 combusta
1446 2506 1636 2539 Bononiae.

159 2555 295 2588 Eodem
318 2565 420 2588 anno.
434 2574 476 2578 —
490 2555 622 2589 Seralia
637 2561 763 2590 stratae
779 2557 932 2601 MaJoris,
947 2558 1144 2598 Barbariae,
1161 2563 1283 2601 portae
1300 2558 1403 2592 Sterii
1420 2565 1455 2592 et
1470 2564 1610 2592 sanctae
1626 2559 1758 2594 Mariae
1775 2561 1917 2605 Majoris

69 2607 211 2641 fuerunt
234 2608 411 2642 destructa
432 2619 496 2651 per
519 2619 667 2643 comune
689 2610 879 2644 Bononiae.

0 2658 45 2713 {5
157 2661 292 2694 Eodem
316 2672 418 2695 anno.
435 2681 477 2686 —
494 2662 688 2696 Societates
710 2663 896 2698 Armorum
921 2665 1070 2698 civitatis
1091 2665 1270 2699 Bononiae
1288 2667 1529 2710 equitaverunt
1545 2667 1590 2699 ad
1613 2673 1762 2700 castrum
1778 2668 1916 2709 Chunii‚

69 2719 104 2747 et
125 2715 238 2758 ipsum
261 2715 455 2748 habuerunt
478 2721 514 2748 et
537 2715 807 2750 combusserunt.

157 2768 293 2801 Eodem
317 2778 418 2801 anno.
443 2787 486 2792 —
510 2768 666 2802 Comune
689 2770 868 2804 Bononiae
893 2772 1139 2805 condemnavit
1162 2783 1310 2806 comune
1336 2773 1489 2806 Imolae'
1479 2784 1515 2806 m
1532 2773 1627 2807 libris
1644 2779 1791 2817 quatuor
1806 2776 1913 2811 millia

68 2820 322 2854 bononinorum
347 2831 389 2854 eo
413 2822 494 2865 quia
515 2828 672 2855 arserant
695 2829 843 2856 castrum
866 2824 998 2858 Montis
1020 2825 1167 2858 Caduni.

162 2950 208 2977 6-8
226 2952 259 2977 In
277 2954 412 2986 margine.-
430 2954 525 2979 Ruina
542 2954 574 2979 de
590 2954 616 2979 le
636 2954 711 2980 volte
730 2955 764 2980 de
782 2955 839 2981 San
857 2956 1011 2981 Francesco
1031 2971 1063 2975 —
1084 2957 1130 2989 7-8
1149 2958 1178 2982 et
1195 2957 1408 2990 campanile....
1427 2957 1585 2991 copertum]
1603 2967 1674 2991 agg.
1687 2957 1737 2990 pia
1755 2959 1831 2987 tardi

1975 1613 2015 1632 Μυ

2019 1618 2050 1636 a„
2068 1612 2104 1632 115
