2196 3424
109 186 192 222 [ΛΑ.
211 187 387 221 1³14-1318]
695 183 1016 219 MEMORIALE
1043 183 1365 219 HISTORICUM
1893 183 1941 219 33

196 314 330 346 Eodem
353 324 453 346 anno.
478 333 519 337 -—
542 314 709 347 Dominus
731 315 859 347 Fulcus
881 315 925 347 de
949 315 1097 347 Pacibus
1119 326 1154 346 se
1179 315 1371 347 doctoravit
1395 319 1429 347 et
1452 315 1518 347 fuit
1541 315 1653 347 factus
1675 314 1782 346 miles.

193 366 414 400 M.CCCXV.
439 368 574 400 Eodem
598 377 699 400 anno.
725 386 766 390 ——
789 368 954 400 Dominus
978 367 1189 401 Gualtirotus
1213 368 1256 400 de
1279 367 1482 400 Marchixiis
1505 367 1548 400 de
1571 367 1763 400 Monticulo
1791 367 1858 400 fuit
1884 377 1946 409 po-

105 425 207 452 testas
230 420 404 452 Bononiae
427 430 491 462 pro
514 420 634 462 primis
656 431 716 453 sex
738 421 920 453 mensibus.

193 473 327 505 Eodem
350 483 450 505 anno.
474 490 516 496 —-
539 473 705 506 Dominus
726 473 983 506 Bartolomaeus
1006 474 1050 506 de
1075 473 1155 506 Sala
1177 474 1244 506 fuit
1265 474 1378 506 factus
1394 473 1492 506 miles
1507 484 1528 506 a
1544 473 1682 506 domino
1699 473 1876 506 Catellano
1901 473 1945 506 de

61 522 80 556 5
104 524 300 558 Malavoltis
322 525 428 558 milite
454 531 489 558 et
511 526 606 558 illico
629 526 692 558 ivit
713 526 750 558 in
772 526 938 569 regimine
961 526 1006 558 ad
1031 526 1204 560 civitatem
1228 526 1405 558 Senarum.

197 578 330 610 Eodem
353 588 453 610 anno.
481 597 517 602 —
543 579 709 611 Dominus
732 579 888 621 Filippus
911 579 955 611 de
979 578 1176 622 Guacalotis
1199 579 1243 610 de
1267 579 1369 611 Prato
1393 579 1459 611 fuit
1482 579 1681 621 capitaneus
1708 579 1882 611 Bononiae
1910 579 1946 610 in

100 631 257 667 ,calendis
279 631 415 673 aprelis.

190 684 324 717 Eodem
347 694 448 717 anno.
472 703 513 707 —
537 685 703 717 Dominus
726 685 931 717 Franciscus
954 686 997 717 de
1020 684 1262 724 Lambertinis,
1287 685 1346 728 qui
1371 690 1444 717 erat
1471 694 1534 727 pro
1565 684 1797 717 ambaxiatore
1829 694 1945 717 comu-

101 737 154 769 nis
175 737 351 770 Bononiae
382 738 428 770 ad
451 748 567 781 regem
590 738 794 777 Robertum,
818 738 884 770 fuit
906 738 1020 771 factus
1042 738 1140 770 miles
1163 748 1228 780 per
1250 738 1380 770 dictum
1404 748 1522 781 regem
1545 737 1737 770 Robertum
1761 737 1805 769 de
1829 747 1945 769 mense

40 789 79 820 10
101 789 238 831 aprelis.

187 842 320 875 Eodem
352 853 452 876 anno.
482 861 523 867 ——-
556 843 722 876 Dominus
753 844 920 886 Filippus,
950 855 1012 876 rex
1037 844 1218 882 Franciae,
1242 843 1308 876 fuit
1330 849 1484 876 mortuus
1513 844 1549 875 in
1578 853 1646 874 una
1677 842 1774 886 sylva
1803 842 1847 874 ab
1877 852 1945 874 uno

98 903 207 936 porco
230 896 394 929 salvatico
418 902 452 929 et
475 897 652 934 Charolus,
675 907 756 929 suus
777 897 865 928 filius
888 896 1147 940 primogenitus,
1171 896 1337 928 successit
1359 896 1424 928 sibi
1447 896 1483 927 in
1507 905 1625 939 regno.

186 947 318 981 Eodem
342 960 442 982 anno.
467 968 509 972 —
531 950 697 982 Dominus
720 949 898 982 Tebaldus
929 949 973 982 de
1005 949 1220 982 Castronovo
1243 949 1286 982 de
1320 949 1462 981 Perusio
1493 949 1560 981 fuit
1589 954 1740 991 potestas
1767 948 1943 980 Bononiae

0 1031 1 1034 ,
98 1009 162 1042 pro
185 1002 348 1035 secundis
370 1013 432 1035 sex
455 1003 637 1036 mensibus.

36 1051 74 1084 15
187 1054 322 1087 Eodem
345 1066 446 1094 anno,
471 1056 527 1088 die
550 1056 661 1098 primo
683 1056 828 1100 augusti.
845 1051 886 1079 —4
910 1055 1006 1089 Obiit
1028 1055 1192 1099 magister
1214 1055 1387 1098 Johannes
1410 1055 1454 1087 de
1478 1054 1702 1093 Griffonibus,
1727 1054 1849 1086 dcctor
1871 1064 1943 1086 me-

98 1105 246 1145 dicinae,
271 1113 306 1140 et
329 1109 482 1150 sepultus
505 1109 571 1141 fuit
595 1109 640 1141 ad
663 1108 829 1141 Sanctum
852 1108 1082 1140 Dominicum.

187 1159 426 1194 M.CCCXVI.
474 1162 608 1193 Eodem
631 1171 731 1193 anno.
750 1179 791 1183 —
813 1161 980 1193 Dominus
1002 1159 1162 1193 Andreas
1193 1161 1238 1193 de
1261 1158 1388 1193 Rocha
1411 1161 1454 1192 de
1478 1158 1591 1192 Asisio
1614 1160 1680 1191 fuit
1702 1165 1852 1201 potestas
1873 1158 1940 1191 Bo-

96 1212 219 1245 noniae
243 1223 307 1255 pro
329 1214 450 1256 primis
471 1214 653 1246 mensibus.
699 1214 866 1246 Dominus
888 1213 1054 1246 Pantaleo
1077 1214 1120 1245 de
1144 1213 1264 1245 Padua
1287 1213 1497 1255 capitaneus.

184 1266 318 1298 Eodem
341 1276 442 1299 anno.
466 1285 508 1290 —-
532 1267 613 1299 Fuit
635 1277 778 1310 magnus
800 1276 918 1299 rumor
938 1267 975 1298 in
1006 1266 1172 1304 Bononia,
1203 1266 1284 1309 quia
1312 1265 1401 1297 filius
1432 1265 1563 1297 domini
1593 1265 1736 1308 Ugolini
1768 1266 1811 1298 de
1843 1265 1944 1298 Gari-

0 1334 2 1337 ·
30 1318 73 1349 20
96 1318 212 1350 sendis
234 1320 413 1352 interfecit
436 1320 622 1352 Fabrinum
646 1319 799 1352 fabrum:
825 1330 893 1362 qua
913 1320 957 1352 de
976 1329 1079 1351 causa
1094 1319 1241 1351 societas
1255 1318 1445 1351 Fabrorum
1470 1323 1505 1350 et
1527 1318 1672 1350 societas
1694 1317 1942 1350 Traversarum

94 1371 138 1403 de
161 1371 329 1405 Barbaria
353 1373 597 1405 destruxerunt
621 1373 741 1404 domos
764 1373 807 1404 de
833 1372 1043 1404 Garisendis.
1090 1372 1136 1403 Et
1159 1371 1240 1413 quia
1261 1371 1437 1403 Romaeus
1460 1370 1504 1402 de
1527 1369 1668 1412 Pepolis
1689 1370 1797 1402 voluit
1821 1370 1944 1403 defen-

95 1423 179 1456 dere
202 1425 474 1464 malefactorem,
498 1425 565 1458 fuit
588 1425 663 1457 fere
688 1425 848 1467 expulsus
871 1425 915 1456 de
937 1423 1104 1456 Bononia.

183 1478 317 1510 Eodem
350 1488 450 1511 anno.
476 1497 517 1502 —-
547 1478 714 1510 Dominus
742 1477 848 1509 Lolus
879 1477 922 1509 de
954 1476 1146 1509 Guilielmis
1177 1476 1221 1508 de
1250 1474 1364 1508 Asisio
1395 1476 1461 1507 fuit
1493 1481 1645 1518 potestas
1673 1476 1848 1508 Bononiae
1878 1487 1942 1519 pro

94 1529 256 1562 secundis
278 1530 451 1563 mensibus
474 1535 510 1563 et
532 1530 690 1562 dominus
712 1528 928 1561 Miliadosius
950 1529 995 1561 de
1017 1527 1264 1560 Buzacharinis
1280 1528 1324 1560 de
1347 1528 1467 1560 Padua
1493 1528 1559 1560 fuit
1583 1527 1783 1570 capitaneus
1812 1530 1941 1571 populi.

27 1579 69 1613 25
181 1583 315 1616 Eodem
339 1593 438 1615 anno.
463 1600 502 1606 —
528 1582 683 1615 Comune
705 1582 881 1614 Bononiae
904 1581 996 1613 misit
1018 1581 1259 1623 infrascriptos
1290 1581 1384 1613 cives
1415 1581 1460 1613 ad
1491 1580 1666 1612 civitatem
1696 1581 1875 1614 Ferrariae
1906 1583 1942 1615 in

93 1635 267 1674 auxilium,
291 1637 475 1669 videlicet:
509 1635 684 1668 dominum
714 1634 990 1667 Bar-tolomaeum
1022 1634 1066 1666 de
1100 1634 1334 1677 Guidozagnis
1364 1643 1427 1675 pro
1457 1638 1628 1676 potestate
1659 1634 1850 1673 Fenariae,
1880 1636 1943 1668 do-

92 1688 221 1720 minum
245 1689 409 1721 Bomium
434 1689 477 1721 de
502 1687 733 1726 Samaritanis,
759 1687 934 1719 dominum
966 1687 1189 1719 Franciscum
1215 1687 1258 1719 de
1283 1686 1489 1724 Ghisileriis,
1522 1686 1696 1719 dominum
1718 1686 1870 1730 Lancam
1895 1689 1939 1722 de

71 1776 73 1778 ,
94 1740 296 1774 Garisendis
317 1748 352 1774 et
375 1742 550 1774 dominum
579 1739 762 1773 Albertum
785 1740 922 1772 Bruxae
955 1740 999 1772 de
1030 1740 1257 1773 Cazanimicis
1288 1745 1323 1772 et
1353 1739 1593 1772 Blancolinum
1623 1740 1767 1772 Brunini
1794 1740 1940 1774 Blanchi

91 1793 200 1827 Cosae
225 1804 303 1827 cum
327 1804 392 1827 ccc
416 1794 598 1837 equitibus.

26 1846 69 1877 30
178 1846 435 1880 M.CCCXVII.
460 1865 502 1870 —
525 1846 692 1878 Dominus
714 1845 880 1878 Nicolaus
903 1846 1033 1878 domini
1049 1845 1197 1878 Bandini
1221 1846 1264 1878 de
1289 1844 1390 1878 Senis
1411 1845 1478 1877 fuit
1500 1850 1651 1887 potestas
1673 1845 1848 1879 Bononiae
1871 1858 1935 1889 pro

91 1898 212 1940 primis
233 1900 415 1933 mensibus.
437 1900 604 1932 Dominus
621 1899 736 1932 Guido
761 1898 889 1931 Savina
912 1899 956 1932 de
980 1899 1136 1943 Foglano
1154 1898 1197 1931 de
1221 1898 1336 1942 Regio
1358 1898 1425 1930 fuit
1448 1898 1657 1940 capitaneus.

178 1953 312 1986 Eodem
342 1953 551 1986 millesimo.s
571 1970 613 1976 —
642 1952 802 1985 Max-chio
832 1953 1013 1985 Ferrariae
1044 1963 1123 1985 cum
1153 1951 1324 1995 adjutorio
1356 1952 1626 1984 Bononiensium
1663 1957 1699 1984 et
1725 1952 1862 1985 illorum
1894 1955 1938 1987 de

89 2005 334 2048 Buchimpanis
350 2006 394 2038 de
418 2006 578 2038 Ferraria
600 2006 733 2048 expulit
755 2006 922 2038 vicarium
946 2005 1075 2038 domini
1097 2005 1190 2048 regis
1211 2004 1359 2037 Roberti
1383 2009 1480 2036 extra
1503 2004 1677 2036 civitatem
1700 2005 1730 2037 F
1731 2006 1880 2039 errariae
1905 2013 1959 2040 et⁴

90 2059 228 2100 accepit
251 2059 438 2091 dominium
459 2068 523 2101 pro
546 2069 600 2096 se3
625 2063 660 2090 et
682 2058 749 2091 hoc
772 2058 935 2091 fecerunt
955 2058 1174 2090 marchiones
1195 2058 1257 2089 filii
1279 2057 1487 2090 marchionis
1508 2055 1772 2090 Aldrovandini.

2 2124 5 2127 >
25 2107 66 2141 35
178 2111 451 2144 M.CCCXVIII.
475 2128 518 2135 —
540 2111 706 2144 Dominus
729 2111 899 2155 Georgius
923 2112 966 2144 de
990 2112 1098 2144 Ferro
1114 2111 1180 2143 fuit
1197 2115 1348 2153 potestas
1363 2110 1538 2142 Bononiae
1555 2119 1618 2152 pro
1634 2110 1763 2152 primis,
1780 2111 1939 2145 dominus

89 2162 186 2207 Acco
210 2164 254 2210 de
279 2163 465 2208 Gragnana
487 2165 554 2197 fuit
578 2165 778 2207 capitaneus
799 2164 978 2198 Bononiae
1001 2174 1064 2207 pro
1087 2164 1216 2207 primis.

111 2241 119 2245 -
178 2217 311 2251 Eodem
334 2227 435 2250 anno.
460 2235 502 2240 —
526 2217 723 2250 Gentilinus
746 2217 791 2250 de
819 2217 900 2250 Sala
929 2217 996 2250 fuit
1026 2217 1242 2259 decapitatus
1273 2216 1309 2248 in
1339 2216 1456 2258 platea
1486 2216 1641 2248 comunis
1671 2216 1846 2250 Bononiae
1872 2229 1937 2261 pro

89 2270 298 2312 proditione,
322 2280 364 2303 eo
387 2271 468 2314 quia
490 2270 629 2303 volebat
650 2271 788 2303 tradere
813 2276 961 2303 castrum
984 2268 1215 2303 Crevalcorii'
1240 2269 1379 2302 domino
1395 2269 1506 2302 Chani
1530 2269 1574 2302 de
1597 2269 1632 2301 la
1655 2269 1769 2308 Scala,
1793 2270 1933 2304 domino

90 2323 262 2363 Veronae,
286 2323 380 2367 quod
404 2328 552 2355 castrum
574 2328 648 2355 erat
671 2324 826 2356 comunis
848 2323 1035 2356 Bononiae.
1234 2337 1238 2340 ·

24 2377 66 2408 40
178 2376 311 2409 Eodem
334 2386 435 2409 anno.
459 2394 502 2400 —-
523 2375 690 2408 Dominus
711 2375 913 2409 Albertinus
937 2377 980 2409 de
1004 2376 1156 2409 Canossa
1179 2376 1223 2408 de
1246 2376 1362 2419 Regio
1389 2375 1455 2407 fuit
1484 2380 1637 2417 potestas
1666 2375 1841 2409 Bononiae
1871 2387 1945 2419 pro·

89 2429 251 2462 secundis
273 2433 307 2462 et
331 2428 489 2461 dominus
518 2428 625 2461 Testa
655 2429 699 2461 de
730 2428 984 2472 Tornaquincis
1015 2429 1058 2462 de
1091 2428 1268 2462 Florentia
1291 2428 1357 2460 fuit
1385 2428 1586 2470 capitaneus
1616 2428 1736 2470 populi
1758 2428 1936 2462 Bononiae

88 2492 153 2524 pro
175 2482 337 2516 secundis
359 2481 542 2514 mensibus.
913 2473 919 2478 ’

176 2535 310 2568 Eodem
333 2545 423 2567 anno
451 2535 544 2567 1318.
571 2553 612 2558 ——
633 2535 801 2568 Dominus
824 2546 914 2578 papa
936 2536 1110 2579 Johannes
1133 2536 1220 2568 fecit
1242 2545 1384 2578 magnos
1410 2544 1592 2577 processus
1615 2539 1735 2567 contra
1758 2535 1932 2568 dominum

0 2618 2 2628 Ξ
87 2587 287 2622 Mathaeum
311 2588 574 2626 Vicecomitem‚
598 2588 773 2620 dominum
796 2588 997 2627 Mediolani,
1030 2595 1064 2622 et
1094 2589 1201 2621 filium
1228 2600 1335 2627 suum,
1360 2598 1402 2621 eo
1429 2589 1509 2631 quia
1531 2587 1749 2630 occupabant
1777 2588 1935 2621 civitates

0 2633 64 2672 '245
87 2641 290 2679 Mediolani,
314 2641 517 2680 Novarriae,
542 2641 793 2680 vercellarum,
816 2640 1063 2680 Alexandriae,
1087 2642 1227 2684 Papiae,
1256 2641 1416 2685 Pergami
1447 2647 1481 2673 et
1512 2640 1721 2674 Placentiae.
1767 2641 1814 2673 Et
1844 2641 1935 2674 misit

89 2699 210 2726 contra
232 2703 291 2726 eos
314 2693 489 2726 dominum
512 2693 742 2735 Rei-trandum
765 2694 809 2727 de
832 2694 975 2738 Pocetto
999 2700 1033 2728 et
1057 2695 1232 2728 dominum
1262 2696 1291 2727 F
1292 2695 1436 2737 ilippum
1461 2694 1504 2727 de
1527 2693 1652 2737 Valoy,
1682 2693 1789 2726 filium
1820 2694 1934 2736 patrui

88 2746 218 2779 domini
239 2747 330 2791 regis
353 2747 539 2785 Franciae3
556 2747 619 2779 sed
640 2752 760 2789 postea
782 2748 818 2779 in
841 2748 1024 2780 Franciam
1048 2748 1114 2781 fuit
1137 2759 1305 2780 reversus.
1525 2747 1527 2750 '

175 2799 311 2832 Eodem
338 2809 438 2831 anno.
472 2816 509 2823 —
543 2799 666 2832 Dictus
696 2800 855 2833 dominus
882 2810 974 2843 papa
1002 2800 1090 2847 fecit
1119 2811 1243 2844 graves
1275 2811 1457 2843 processus
1493 2804 1615 2832 contra
1644 2799 1865 2844 Raynaldum
1897 2805 1932 2833 et

179 2927 258 2960 15-16
276 2929 386 2955 Nomia
403 2937 472 2963 agg.
484 2928 535 2962 pi&
554 2930 633 2956 tardi

0 3043 3 3053 ⁴»
0 2995 7 3036 *we-

241 3045 274 3071 T.
293 3044 395 3076 xvm,
414 3050 444 3076 p.
462 3050 486 3069 11
506 3057 538 3063 -
558 3051 584 3078 3.

0 3136 9 3220 ‚vv-vv-
0 3088 6 3097 ,‹
0 3061 6 3075 ιι

0 3347 13 3424 -ιη-,τ-ῑς
7 3307 10 3310 ,

2021 378 2111 399 abac

2016 1177 2035 1193 c.
2051 1170 2078 1192 ⁶0

2009 2283 2052 2304 Mu

2054 2290 2087 2309 nn,
2104 2285 2141 2305 13⁸³
