2242 3418
148 165 234 203 [ΑΔ.
253 166 440 214 14054406]
738 155 1062 193 MEMORIALE
1090 154 1413 191 I-HSTORICUM
1943 151 1990 189 95

150 291 326 326 dominum
349 296 502 324 nostrum
525 295 560 323 et
583 290 743 323 comitem
766 288 969 322 Albericum
985 299 1048 332 per
1062 293 1172 321 totum
1189 287 1321 320 dictum
1337 297 1502 325 mensem3
1520 291 1554 318 et
1571 286 1628 319 die
1646 294 1753 327 xva
1769 284 1857 318 dicti
1873 284 1998 317 mensis

150 345 264 378 dictus
288 344 447 377 dominus
469 344 602 388 legatus
624 353 779 376 reversus
802 343 870 375 fuit
892 342 1095 375 Bononiam.

237 397 369 430 Eodem
393 407 495 436 anno,
520 397 577 430 die
600 407 658 438 111J
680 395 827 440 augusti.
856 414 892 419 —
928 395 1096 428 Dominus
1118 388 1293 438 Johannes
1317 393 1503 426 Gerardini
1528 391 1743 436 Negoxantis
1765 391 1833 424 fuit
1857 391 1998 433 decapi-

149 457 240 484 tatus
263 451 300 483 in
323 451 438 493 platea
461 451 618 483 comunis
639 450 817 483 Bononiae
840 454 983 492 propter
1005 453 1199 486 tractatum,
1231 447 1268 479 in
1292 456 1360 490 quo
1384 447 1497 478 fuerat
1528 456 1605 478 cum
1634 445 1703 478 illis
1735 446 1778 478 de
1810 444 1998 478 Gozadinis

107 504 125 536 5
150 509 271 536 contra
295 504 427 536 dictum
452 504 628 536 dominum
652 503 813 547 legatum.
1091 534 1095 536 ,

241 557 373 589 Eodem
397 567 499 596 anno,
524 557 567 589 de
591 556 687 589 dicto
711 566 837 588 mense.
861 574 903 579 —
926 555 1108 588 praefatus
1132 554 1291 587 dominus
1314 552 1502 585 cardinalis
1525 563 1588 595 per
1610 552 1681 584 vim
1704 551 1923 594 recuperavit
1955 551 1999 583 de

149 609 308 643 manibus
331 610 468 643 comitis
502 609 660 643 Alberici
685 610 728 642 de
751 608 925 642 Barbiano
960 614 1073 641 castra
1106 607 1272 652 Ligliani‚
1306 605 1477 650 Flagnani
1501 610 1536 638 et
1566 605 1846 643 Montiscaduni3
1880 609 1999 647 postea

150 673 213 706 per
235 663 411 696 modicum
434 663 583 706 spatium
606 662 826 705 recuperavit
850 662 1089 695 Garnarolum.

240 715 372 749 Eodem
395 727 497 755 anno,
522 716 580 749 die
603 726 692 757 XXVJ
715 715 862 759 augusti.
880 734 921 738 —
937 715 1106 748 Dominus
1129 715 1261 758 legatus
1284 713 1378 745 misit
1401 711 1652 745 ambaxiatores
1675 712 1721 744 ad
1737 711 1913 744 dominum
1938 720 1999 743 no-

88 769 127 802 10
151 775 258 802 strum
281 779 418 811 papam,
435 770 590 813 rogando
607 769 700 812 quod
715 768 849 801 veniret
864 769 911 801 ad
926 769 1086 800 standum
1103 767 1139 799 in
1156 767 1300 800 civitate
1316 765 1503 804 Bononiae,
1519 775 1560 798 eo
1577 765 1660 808 quia
1674 770 1817 807 propter
1836 763 2001 806 parciali-

151 827 239 854 tates
254 827 288 854 et
305 821 396 854 bella
412 822 532 854 civilia
547 823 783 855 Romanorum
800 821 874 863 ipse
890 831 959 853 non
975 826 1110 862 poterat
1123 826 1213 852 stare
1229 820 1266 851 in
1282 820 1413 857 Roma3
1427 824 1461 851 et
1474 818 1725 850 ambaxiatores
1737 818 1875 850 fuerunt
1891 817 2001 848 infra-

151 875 274 917 scripti
290 880 447 918 quatuor,
460 875 642 908 videlicet:
655 874 815 907 dominus
827 874 943 907 Guido
957 875 1000 906 de
1012 873 1151 915 Pepolis
1164 873 1271 911 miles,
1286 872 1443 905 dominus
1459 872 1634 914 Johannes
1650 871 1693 903 de
1709 870 1871 908 Canitulo
1887 870 2000 913 legum

151 928 284 967 doctor,
310 928 470 960 dominus
491 926 729 961 Bartolomeus
751 927 938 971 Bolognini
963 927 1006 959 de
1029 925 1233 970 Bologninis
1256 925 1354 957 miles
1377 930 1413 958 et
1435 924 1562 957 Paulus
1578 918 1622 956 de
1643 923 1762 956 Lectis
1784 923 2000 966 stracarolus.

240 981 371 1013 Eodem
395 991 497 1020 anno,
522 981 580 1013 die
603 980 716 1023 primo
740 979 902 1012 octobris.
928 998 969 1003 —
992 979 1116 1011 Dictus
1141 978 1301 1011 dominus
1323 978 1457 1022 legatus
1481 987 1636 1009 reversus
1659 982 1711 1008 est
1734 975 1926 1008 Bononiam
1958 976 2002 1007 de

89 1032 127 1065 15
152 1033 387 1066 Romandiola
405 1044 489 1066 cum
511 1033 612 1066 bonis
642 1033 752 1071 novis,
775 1032 940 1065 videlicet
971 1032 1065 1075 quod
1088 1033 1220 1064 fecerat
1238 1041 1373 1074 ‚pacem
1406 1041 1484 1062 cum
1515 1030 1641 1062 comite
1663 1028 1829 1061 Alberico
1854 1029 1897 1061 de
1919 1028 2002 1060 Bar-

153 1086 266 1125 biano,
291 1097 369 1119 cum
392 1092 495 1129 pacto
519 1086 614 1129 quod
638 1086 743 1118 dabat
766 1085 862 1118 dicto
887 1085 1027 1118 domino
1042 1085 1157 1128 legato
1182 1083 1339 1116 Castrum
1363 1083 1605 1127 Bolognesium
1628 1088 1663 1115 et
1685 1087 1835 1115 castrum
1858 1082 1999 1120 Duciae,

152 1140 246 1182 quod
269 1140 338 1172 fuit
361 1139 489 1172 bonum
513 1149 649 1171 novum.

240 1192 372 1225 Eodem
395 1202 497 1231 anno,
521 1191 579 1224 die
602 1201 652 1223 xv
676 1191 764 1224 dicti
787 1191 913 1223 mensis
936 1190 1089 1224 octobris
1108 1189 1202 1223 1405.
1226 1208 1271 1213 -
1294 1189 1390 1223 Obiit
1406 1200 1462 1221 ser
1475 1188 1626 1232 Jacobus
1650 1189 1693 1220 de
1716 1188 1935 1227 Blanchittis‚
1960 1189 2003 1220 de

152 1255 221 1288 quo
236 1245 305 1277 fuit
320 1245 504 1277 maximum
522 1245 693 1283 damnum,
710 1254 751 1276 eo
767 1243 850 1287 quia
866 1244 940 1286 ipse
955 1250 1029 1276 erat
1045 1249 1159 1276 custos
1175 1253 1331 1276 camerae
1347 1247 1513 1280 actorum,
1537 1241 1597 1274 ubi
1621 1246 1761 1273 steterat
1785 1250 1833 1273 XL
1855 1241 1954 1273 annis
1969 1247 2003 1273 et

86 1298 253 1337 20‚ultra‚
276 1303 311 1330 et
333 1303 407 1330 erat
429 1297 531 1330 valde
554 1297 642 1330 bene
657 1297 863 1329 informatus
887 1297 930 1329 de
954 1296 1112 1329 omnibus
1135 1296 1267 1335 melius,
1284 1306 1387 1338 quam
1411 1295 1537 1337 aliquis
1560 1294 1648 1326 alius
1670 1294 1773 1326 homo
1798 1294 1841 1326 de
1864 1294 2002 1326 mundo.

151 1350 320 1384 Dominus
342 1350 467 1383 habeat
490 1350 640 1382 animam
663 1360 769 1388 suam,
793 1349 876 1392 quia
898 1350 967 1382 fuit
989 1350 1093 1382 homo
1116 1349 1227 1382 bonae
1250 1348 1462 1381 conditionis
1485 1352 1519 1379 et
1542 1348 1665 1379 famae.

241 1403 373 1436 Eodem
395 1413 498 1442 anno,
515 1403 573 1436 die
590 1412 640 1434 xx
657 1402 852 1435 novembris
872 1401 966 1434 1405.
983 1421 1025 1425 —
1041 1400 1224 1445 Astorgius
1241 1401 1284 1434 de
1300 1400 1506 1438 Manfredis,
1530 1400 1613 1431 olim
1630 1399 1789 1431 dominus
1805 1398 2004 1437 Favenfiae,

152 1467 215 1499 pro
239 1457 389 1500 quodam
413 1461 562 1489 tractatu
585 1461 707 1498 captus
730 1456 799 1488 fuit
822 1455 859 1487 in
883 1454 1063 1493 Faventia,
1087 1454 1254 1486 existente
1278 1454 1328 1486 ibi
1352 1453 1580 1496 personaliter
1603 1452 1698 1485 dicto
1723 1452 1864 1484 domino
1879 1452 2004 1496 legato.

154 1510 227 1549 Qui
251 1509 410 1542 dominus
432 1509 574 1554 legatus,
590 1509 710 1542 habita
733 1509 846 1551 primo
869 1508 1027 1540 veridica
1049 1508 1117 1540 fide
1141 1508 1184 1540 de
1206 1507 1414 1549 proditione,
1439 1517 1541 1549 quam
1569 1505 1716 1538 satiebat
1738 1504 1931 1549 Astorgius‚
1963 1506 2007 1537 de

87 1561 129 1595 25
153 1562 339 1606 acipiendo
363 1562 430 1595 sibi
453 1562 668 1601 Faventiam,
699 1561 786 1594 fecit
816 1562 928 1604 ipsum
959 1560 1152 1603 decapitari
1184 1560 1221 1591 in
1250 1560 1364 1602 platea
1395 1559 1583 1591 Faventiae
1614 1569 1677 1601 per
1705 1557 2006 1591 Aldrovandinum

155 1616 200 1648 de
221 1614 372 1648 Ariostis
395 1616 438 1648 de
462 1615 649 1654 Bononiae,
673 1621 756 1648 tunc
780 1619 984 1658 potestatem
1008 1613 1199 1646 Faventiae
1222 1623 1285 1655 pro
1310 1612 1451 1645 domino
1476 1618 1593 1645 nostro
1616 1612 1807 1654 praedicto.

239 1668 464 1702 MCCCCVI.
488 1669 620 1701 Eodem
642 1677 744 1707 anno,
769 1668 827 1700 die
849 1677 888 1709 VJ
910 1666 1089 1700 februarii.
1106 1685 1147 1690 —
1165 1666 1290 1699 Ninxit
1313 1665 1363 1698 ita
1378 1665 1517 1698 fortiter
1539 1665 1575 1696 in
1599 1665 1756 1697 Bononia
1778 1670 1813 1697 et
1836 1664 1872 1696 in
1896 1664 2004 1696 comi-

151 1724 238 1760 tatu,
262 1722 356 1765 quod
379 1722 423 1755 ab
446 1732 537 1754 anno
554 1721 686 1754 domini
706 1720 788 1754 1359
806 1721 849 1754 de
865 1731 980 1753 mense
994 1720 1146 1764 januarii
1163 1720 1262 1760 citra,
1276 1729 1345 1763 quo
1360 1729 1452 1751 anno
1465 1719 1533 1751 fuit
1546 1718 1615 1757 nix,
1633 1729 1720 1761 quae
1735 1718 1841 1750 hodie
1864 1724 2008 1750 vocatur

154 1774 188 1807 Ia
202 1778 291 1807 neve'
304 1775 453 1818 grande,
470 1785 655 1818 numquam
678 1774 746 1807 fuit
769 1774 892 1807 similis
914 1772 989 1812 isti,
1014 1784 1094 1806 nam
1118 1773 1185 1806 fuit
1208 1773 1279 1805 alta
1294 1771 1404 1806 tribus
1426 1771 1575 1815 pedibus
1598 1771 1788 1804 communis
1811 1776 1845 1803 et
1869 1771 2007 1803 duravit

88 1829 131 1861 30
155 1827 308 1871 quinque
334 1827 466 1861 diebus.

242 1881 374 1914 Eodem
397 1891 500 1920 anno,
524 1881 582 1914 die
605 1891 655 1914 xv
676 1880 838 1925 januarii.
863 1900 905 1904 —
929 1876 1028 1914 Obiit
1053 1880 1212 1913 dominus
1235 1878 1443 1912 Franciscus
1467 1879 1510 1912 de
1533 1878 1712 1917 Chararia,
1737 1878 1820 1910 olim
1849 1878 2007 1910 dominus

153 1933 305 1974 Paduae‚
321 1939 356 1967 et
372 1934 430 1967 die
445 1935 602 1977 sequenti
619 1934 707 1967 obiit
724 1934 884 1967 dominus
899 1933 1108 1966 Franciscus
1123 1933 1261 1971 tercius,
1279 1933 1370 1965 filius
1386 1943 1475 1971 suus,
1492 1932 1528 1963 in
1546 1931 1743 1964 carceribus
1767 1931 2006 1963 Venetiarum.

242 1987 309 2020 Die
332 1997 436 2029 xxvlj
459 1987 547 2020 dicti
570 1987 706 2020 mensis.
732 2006 773 2010 —
796 1987 965 2020 Dominus
988 1993 1114 2026 noster,
1139 1986 1299 2019 dominus
1322 1986 1527 2018 Baldassara
1549 1985 1692 2028 legatus,
1716 1985 1780 2017 ivit
1803 1983 2006 2016 Faventiam

154 2040 201 2073 ad
224 2041 350 2073 damna
372 2039 520 2074 Forlivii
545 2046 579 2073 et
601 2046 682 2074 ante
705 2041 816 2083 ipsum
840 2040 934 2073 misit
958 2040 1135 2073 dominum
1158 2039 1352 2083 Ricardum
1377 2039 1421 2071 de
1443 2037 1583 2080 Pepolis
1613 2048 1691 2070 cum
1722 2040 1794 2069 1111c
1816 2037 2006 2080 equitibus3

89 2092 130 2125 35
154 2098 189 2126 et
212 2093 332 2135 dieRXJ
354 2094 470 2126 martii
494 2104 649 2127 reversus
664 2094 733 2127 fuit
749 2094 863 2126 dictus
887 2093 1046 2126 dominus
1069 2093 1202 2136 legatus
1217 2098 1251 2125 et
1267 2097 1397 2135 postea,
1415 2091 1473 2124 die
1489 2100 1567 2132 XX1J
1590 2090 1728 2133 aprelis,
1745 2090 1869 2122 iterum
1894 2089 2008 2122 dictus

155 2146 315 2184 dominus
337 2146 470 2191 legatus
492 2147 558 2179 ivit
580 2146 774 2180 Forlivium
796 2147 843 2179 ad
866 2156 1036 2189 campum.

243 2199 310 2232 Die
325 2209 460 2241 xxva
482 2200 610 2232 mensis
632 2199 715 2244 maji
733 2199 821 2232 dicti
845 2200 938 2232 anni.
956 2218 997 2222 —
1014 2198 1126 2232 Facta
1149 2198 1217 2231 fuit
1241 2198 1431 2231 concordia
1455 2197 1546 2229 inter
1563 2197 1695 2230 dictum
1712 2196 1890 2229 dominum
1914 2196 2009 2240 lega-

156 2258 228 2285 tum
251 2258 286 2285 et
309 2251 541 2285 Forlivienses
563 2258 598 2286 et
621 2247 791 2286 dederunt
820 2263 857 2285 se
881 2253 1022 2285 domino
1044 2252 1177 2296 legat03
1202 2257 1237 2284 et
1267 2257 1349 2284 tunc
1382 2251 1541 2284 dominus
1574 2250 1708 2294 legatus
1741 2260 1819 2282 cum
1850 2249 2009 2282 omnibus

155 2305 316 2349 gentibus
338 2316 511 2338 armorum
533 2306 630 2338 venit
651 2306 855 2339 Bononiam.

90 2359 133 2390 40
245 2358 376 2391 Eodem
400 2368 501 2398 anno,
526 2359 584 2391 die
607 2368 686 2400 XVIJ
705 2359 795 2403 julii.
822 2377 862 2382 —
886 2359 1058 2392 Cabrinus
1081 2358 1262 2392 Fondutus
1277 2358 1415 2401 accepit
1439 2356 1630 2390 dominium
1647 2355 1801 2388 civitatis
1816 2355 2006 2389 Cremonae

156 2412 309 2445 Charolo
333 2412 376 2444 de
399 2412 702 2450 Chavalcabobus3
726 2418 761 2445 et
784 2417 867 2444 tunc
891 2412 1063 2454 Cabrinus
1093 2411 1181 2445 fecit
1212 2411 1361 2444 detineri
1391 2411 1523 2443 dictum
1555 2409 1742 2443 Charolum
1766 2414 1800 2441 et
1832 2409 2008 2441 dominum

155 2463 387 2497 Andreasium
412 2465 456 2497 de
472 2464 734 2498 Cavalcabobus
748 2471 783 2498 et
806 2465 893 2498 fecit
916 2465 996 2508 capi
1020 2465 1197 2498 dominum
1220 2464 1452 2509 Bologninum
1469 2464 1513 2496 de
1528 2462 1771 2506 Papaconibus
1787 2458 1833 2494 de'
1852 2461 2011 2494 Bononia

156 2517 312 2556 militem,
337 2517 396 2561 qui
420 2523 494 2550 erat
517 2517 567 2550 ibi
591 2518 793 2560 capitaneus
814 2518 928 2562 gentis
950 2528 1123 2551 armorum
1147 2518 1235 2551 dicti
1251 2517 1406 2556 Charoli‚
1423 2522 1457 2549 et
1474 2516 1561 2549 fecit
1577 2515 1690 2558 ipsum
1708 2514 1884 2547 dominum
1907 2514 2011 2546 Bolo-

156 2570 301 2614 gninum
325 2570 412 2603 mori
436 2576 514 2613 post
536 2571 673 2614 aliquos
689 2571 773 2604 dies.

91 2622 133 2655 45
246 2624 378 2656 Eodem
401 2634 503 2663 anno,
529 2623 587 2656 die
610 2634 677 2665 an
700 2623 862 2657 octobris.
894 2643 936 2648 —
963 2624 1104 2657 Nannes
1128 2625 1172 2657 de
1196 2623 1439 2658 Gambacurtis
1464 2623 1507 2655 de
1530 2621 1631 2660 Pisis,
1657 2621 1816 2654 dominus
1840 2620 2010 2659 Pisarum,

158 2676 257 2709 dedit
279 2676 457 2718 civitatem
481 2676 638 2711 Pisarum
661 2677 872 2710 Florentinis
894 2687 958 2720 pro
980 2678 1119 2710 florenis
1143 2677 1396 2721 quinqueginta
1418 2675 1529 2708 millia
1544 2681 1578 2707 et
1595 2680 1742 2718 quatuor
1758 2674 1891 2712 castris,
1914 2673 2012 2706 vide-

157 2729 240 2762 licet
264 2729 397 2763 duobus
413 2730 456 2762 de
479 2730 550 2762 illis
574 2730 617 2763 de
642 2729 839 2770 Casentino,
864 2741 952 2774 quae
975 2731 1114 2764 fuerant
1138 2730 1303 2764 comitum
1327 2730 1370 2763 de
1393 2725 1545 2772 Puppio‚'
1558 2734 1592 2761 et
1608 2727 1686 2760 aliis
1708 2726 1841 2760 duobus
1865 2727 1908 2759 de
1932 2726 2012 2765 illis,

246 2877 279 2882 —
301 2870 331 2896 ¹3
352 2864 386 2889 de
403 2864 568 2897 Bologninis
586 2863 676 2896 miles]
694 2865 788 2890 scritto
805 2872 836 2889 su
855 2865 1021 2890 raschiatura
1041 2879 1075 2884 —
1095 2871 1127 2890 22
1148 2865 1254 2890 Eodem
1274 2863 1361 2896 anno]
1374 2865 1413 2898 su
1431 2863 1578 2888 cancellato
1596 2860 1646 2894 pin>
1670 2860 1753 2887 tardi.
1792 2861 1835 2886 La
1854 2860 1951 2885 notizia
1971 2861 2012 2884 c'ze

158 2913 238 2938 segue
255 2905 274 2931 l.
295 2905 376 2931 2246
395 2906 501 2931 trovasn·
517 2915 534 2931 a
553 2915 573 2931 c.
592 2907 643 2931 160
661 2915 687 2938 a,
706 2914 752 2932 con
770 2906 894 2932 richiamo

2081 1654 2159 1675 Mun,
2174 1652 2212 1672 215

2081 1686 2101 1700 c.
2116 1680 2156 1701 161
2170 1680 2181 1700 1²

2085 2371 2104 2385 c.
2121 2364 2162 2385 1⁶2
2178 2373 2192 2386 a
