2196 3424
265 164 351 204 LIV
982 162 1383 229 INTRODUZIoNE

370 300 549 335 Notiamo
577 299 666 344 pero
695 297 775 342 che,
804 308 842 331 se
870 307 944 330 non
972 307 1042 330 una
1071 307 1160 330 vera
1188 294 1438 338 derivazione‚
1478 295 1515 328 in
1551 300 1645 330 tutto
1683 299 1814 342 questo
1847 296 2014 342 periodo,
2053 297 2099 333 ad

260 361 455 396 eccezione
497 359 594 405 degli
636 357 853 393 ultimissimi
895 357 989 402 anni,
1031 356 1093 392 c’e
1130 356 1281 403 qualche
1319 367 1399 399 use,
1437 355 1496 390 nel
1535 356 1705 401 Griffoni,
1741 355 1837 392 della
1874 358 2024 394 cronica
2061 359 2098 394 9⁶

259 420 625 458 dell’Universitaria.
681 418 962 455 Naturalmente
990 418 1101 453 molte
1138 418 1274 453 notizie
1304 417 1363 452 del
1391 417 1560 462 Griffoni‚
1590 418 1855 464 specialmente
1884 419 2003 467 quelle
2031 420 2098 456 che

258 484 328 531 egli
355 489 467 519 trasse
496 481 591 534 dasse
619 481 709 516 fonti
738 480 947 527 particolari
975 481 1033 515 cui
1070 491 1179 526 sopra
1215 491 1494 524 accennammO,
1533 491 1607 514 non
1642 480 1765 537 hanno
1793 481 2100 528 corrispondente

257 545 316 580 nel
346 544 392 589 9⁰,
422 544 501 579 anzi
530 536 595 590 p'er
623 542 722 589 degli
751 542 834 577 anni
862 542 969 577 interi
997 553 1071 576 non
1099 542 1133 576 01
1160 542 1190 576 si
1219 541 1314 576 vede
1343 542 1474 577 alcuna
1501 540 1704 588 relazione;
1734 554 1796 577 ma
1814 544 1879 589 poi
1906 543 1941 578 la
1967 555 2096 591 paren·
2146 547 2165 580 5

257 606 329 643 tela
360 611 465 641 torna
501 605 596 640 fuori
624 617 657 648 e,
686 604 978 639 saltuariamente
1007 604 1122 648 bensi,
1151 615 1213 638 ma
1250 604 1341 639 assai
1378 605 1639 649 chiaramente,
1668 605 1699 640 si
1726 605 1906 641 riscontra
1933 607 1971 641 in
1998 607 2101 654 quasi

254 673 351 704 tutto
378 667 404 702 il
431 667 598 714 periodo.
628 666 705 701 Che
725 671 781 701 tra
809 666 834 699 il
866 666 902 701 9⁰
930 677 951 700 e
979 665 1003 699 il
1033 665 1191 700 Griffoni
1219 666 1253 700 01
1280 666 1334 700 sia
1362 678 1432 701 una
1460 678 1548 701 vera
1575 666 1763 713 parentela
1790 669 1811 702 e
1839 673 2010 704 attestata
2037 669 2097 704 dal

254 730 346 765 fatto
374 728 441 764 che
469 729 506 763 in
534 727 704 763 ambidue
732 727 919 773 possiamo
948 732 1155 762 constatare
1175 727 1247 763 due
1266 728 1354 763 fasi:
1374 740 1446 763 una
1465 728 1537 766 che
1559 728 1682 764 arriva
1701 729 1735 764 al
1760 729 1871 775 1340,
1900 729 2018 767 l’altra
2038 730 2098 766 dal

259 790 351 825 1341
384 790 420 825 in
446 790 509 837 poi
522 801 531 835 3
561 789 690 834 infatti,
720 789 795 824 cosi
824 788 883 823 nel
904 788 1060 824 Griffoni
1083 801 1192 824 come
1211 789 1269 825 nel
1291 789 1339 835 9⁰,
1360 789 1420 825 001
1446 790 1538 825 1341
1564 791 1747 827 comineia
1767 804 1837 828 una
1856 792 1930 827 ben
1949 791 2097 829 distinta

252 852 402 899 penuria
429 851 467 887 di
494 852 641 895 notizie,
671 856 812 886 mentre
839 851 957 897 prima
985 851 1087 886 eravi
1115 863 1186 887 una
1215 852 1478 887 straordinan'a
1506 853 1763 889 abbondanza.
2125 858 2164 890 10

354 913 466 950 Nella
493 913 610 959 prima
636 913 724 957 fase,
753 912 1019 959 specialmente
1046 913 1144 960 negli
1171 913 1289 949 ultimi
1318 915 1416 960 anni,
1446 914 1472 949 11
1503 914 1661 950 Griffoni
1698 927 1746 951 va
1773 915 1989 963 prendendo
2019 929 2095 952 uno

254 975 424 1022 sviluppo
451 981 662 1011 veramente
690 974 987 1017 considerevole,
1014 974 1049 1010 le
1076 975 1213 1010 notizie
1242 987 1334 1011 sono
1363 977 1575 1023 importanti
1604 977 1652 1013 ed
1679 978 1868 1026 originali3
1906 979 2095 1015 crediamo

252 1037 377 1085 quindi
411 1037 478 1072 che
506 1037 700 1083 attingesse
729 1036 776 1072 ad
812 1049 882 1072 una
918 1037 1135 1073 narrazione
1172 1043 1500 1086 contemporanea,
1531 1051 1597 1075 ora
1624 1040 1753 1076 affatto
1781 1042 2025 1088 sconosciuta,
2061 1041 2097 1077 la

251 1098 358 1147 quale
387 1099 591 1135 terminava
619 1104 785 1146 appunto
814 1099 873 1134 col
906 1099 1016 1136 1340.
1074 1099 1214 1139 Questa
1243 1102 1503 1137 osservazione
1531 1104 1551 1137 ὲ
1580 1103 1673 1138 assai
1700 1103 1922 1150 importante
1958 1105 2094 1151 perche

247 1161 363 1197 finora
390 1163 410 1196 ὲ
437 1165 534 1197 stato
562 1161 714 1197 creduto
742 1161 809 1196 che
837 1161 863 1196 il
892 1161 1030 1197 Villola
1057 1162 1153 1198 fosse
1182 1174 1248 1209 per
1275 1164 1394 1211 questi
1424 1164 1509 1199 anni
1528 1164 1665 1200 l’unico
1694 1166 1855 1201 cronista
1875 1171 2094 1214 contempo-
2123 1169 2161 1202 15

248 1234 372 1259 rane0.
425 1223 492 1258 Ma
519 1235 591 1258 con
618 1222 655 1258 la
682 1223 844 1259 seconda
870 1223 959 1268 fase,
990 1224 1072 1259 cioe
1100 1224 1201 1272 dopo
1220 1225 1245 1259 il
1270 1225 1380 1270 1340,
1411 1226 1586 1262 cadiamo
1607 1228 1643 1262 in
1663 1228 1885 1264 un'estrema
1904 1240 2094 1265 scarsezza

249 1285 285 1320 di
314 1285 471 1331 notizie3
499 1285 579 1320 solo
606 1296 717 1321 verso
745 1285 770 1320 il
799 1285 862 1320 ’60
891 1285 916 1319 il
945 1284 1104 1321 Griffoni
1132 1288 1161 1322 si
1189 1287 1362 1323 risolleva
1390 1300 1438 1323 un
1458 1288 1542 1335 po'3
1571 1301 1631 1338 ma
1649 1290 1711 1337 gia
1731 1290 1968 1326 cominciava
1987 1303 2008 1326 a
2028 1303 2094 1327 ve-

246 1346 332 1382 dere
359 1347 371 1381 i
398 1347 478 1382 fatti
506 1347 578 1394 egli
605 1352 743 1394 stesso3
771 1347 899 1395 percio
928 1359 1004 1383 non
1032 1348 1146 1384 credo
1176 1349 1243 1384 che
1272 1361 1337 1396 per
1364 1351 1482 1398 questi
1502 1350 1620 1387 ultimi
1640 1352 1724 1387 anni
1744 1353 1943 1399 attingesse
1963 1364 1985 1388 a
2002 1353 2094 1389 fonti

245 1408 468 1456 particolari.

350 1471 567 1506 Dobbiamo
595 1472 749 1519 tuttavia
776 1478 906 1509 notare
935 1473 1002 1509 che
1029 1473 1055 1508 il
1083 1473 1166 1512 cod.
1196 1476 1234 1510 9⁶
1261 1474 1308 1509 ha
1336 1476 1439 1522 quasi
1467 1488 1610 1523 sempre
1639 1477 1847 1512 estensione
1874 1474 2090 1524 maggiore¹
2117 1482 2160 1513 20

249 1544 270 1568 e
297 1532 543 1569 abbondanza
570 1533 749 1570 notevole
777 1534 815 1570 di
842 1535 1055 1582 particolari
1074 1536 1187 1571 nuovi
1207 1548 1227 1571 e
1247 1536 1482 1584 importanti3
1511 1538 1605 1574 fatto
1633 1544 1763 1587 questo
1792 1539 1860 1575 che
1879 1540 1914 1575 ci
1934 1540 2094 1576 assicura

249 1595 316 1630 che
335 1594 362 1630 il
383 1596 420 1632 9⁰
437 1606 512 1630 non
529 1596 641 1642 copio
659 1595 720 1632 dal
741 1596 914 1634 Grifl‘oni.
969 1598 1141 1646 Dunque,
1171 1610 1280 1634 come
1300 1599 1393 1634 altra
1413 1599 1514 1636 volta
1541 1601 1717 1636 abbiamo
1737 1607 1953 1647 accennato,
1972 1602 2092 1650 anche

244 1668 311 1704 per
337 1663 468 1706 questo
495 1663 636 1705 temp0,
664 1659 694 1693 si
730 1658 756 1693 il
785 1659 942 1695 Griffoni
971 1660 1038 1695 che
1075 1661 1100 1695 il
1136 1660 1379 1708 compilatore
1417 1661 1515 1698 della
1545 1663 1581 1698 9⁰
1608 1664 1731 1699 hanno
1769 1665 1902 1700 attinto
1941 1686 1987 1691 —
2026 1676 2094 1712 per

243 1724 346 1766 parte
373 1718 577 1755 solamente
606 1719 701 1755 delle
729 1721 920 1768 rispettive
949 1721 1031 1757 loro
1060 1723 1265 1758 narrazioni
1293 1745 1343 1750 —
1365 1724 1413 1759 ad
1432 1737 1506 1760 una
1525 1725 1729 1761 medesima
1757 1727 1870 1771 fonte,
1891 1726 1995 1761 fonte
2023 1727 2091 1763 che

243 1781 396 1817 talvolta
422 1782 470 1817 ha
495 1781 632 1829 grande
659 1783 906 1830 importanza,
935 1789 1048 1830 tanta,
1077 1786 1189 1830 forse,
1219 1785 1265 1820 da
1293 1798 1464 1833 superare
1492 1800 1515 1822 o
1544 1787 1753 1835 eguagliare
1782 1788 1807 1823 11
1837 1788 1986 1825 Villola.
2116 1787 2158 1820 25

347 1843 405 1879 La
430 1844 621 1891 parentela
648 1850 705 1880 tra
732 1844 758 1880 il
788 1845 944 1881 Griffoni
973 1858 993 1882 e
1022 1846 1046 1882 il
1076 1848 1114 1884 ΘΕ
1141 1859 1250 1895 spero
1278 1849 1426 1884 riuscira
1455 1850 1547 1885 assai
1576 1850 1700 1886 chiara
1728 1850 1789 1886 dai
1810 1850 1992 1887 confronti
2022 1851 2090 1887 che

243 1917 305 1954 qu1
331 1917 442 1942 reco:

991 2051 1331 2090 ANN01319

590 2176 784 2210 GRH-mm.

500 2232 599 2259 (Nostra
613 2232 680 2260 ediz„
696 2239 720 2260 p.
734 2228 778 2263 34,
795 2234 869 2261 10-23)

327 2283 469 2310 Dominus
487 2284 580 2312 Guldo
598 2285 631 2312 de
648 2286 771 2313 Camilla
788 2287 822 2312 de
837 2288 928 2321 Janua
939 2288 997 2314 fuit
1008 2291 1134 2322 potestas

240 2333 384 2359 Bononiae
404 2341 457 2367 pro
481 2335 593 2367 prlmls.
630 2337 771 2362 Dominus
796 2337 911 2363 Guelfus
935 2337 968 2363 de
997 2339 1134 2372 Pugllsiis

238 2381 271 2406 de
297 2382 382 2408 Prato
410 2383 466 2409 fuit
482 2384 645 2416 capitaneus
662 2385 764 2417 populi
781 2393 835 2418 pro
852 2387 965 2419 primis.
1002 2387 1060 2417 Qui
1084 2388 1133 2413 do-

239 2431 331 2456 minus
344 2431 435 2457 Guido
447 2433 577 2464 pote-tas,
589 2433 622 2458 in
634 2435 718 2459 nocte
736 2435 848 2460 venei-Is
866 2436 958 2462 sancti
976 2435 1043 2461 dum
1060 2437 1134 2462 esset

238 2477 271 2503 ln
288 2479 376 2505 offitio
389 2487 454 2505 suae
464 2482 636 2513 potestat-lae
648 2482 760 2516 aufugit
771 2485 947 2517 vlctuperose
958 2485 991 2510 de
1002 2486 1132 2512 Bononia

239 2534 304 2552 cum
321 2528 463 2561 anquibus
480 2529 513 2554 de
531 2536 582 2555 sua
600 2530 710 2557 familia
727 2534 756 2557 et
771 2533 828 2558 ivit
846 2540 944 2559 versus
961 2534 1082 2560 Saonam
1099 2535 1134 2560 ad

239 2574 414 2602 eustratium
437 2579 466 2603 et
488 2577 523 2603 ad
545 2578 691 2604 dominum
715 2581 926 2614 imperatorem,
951 2584 980 2608 et
1003 2583 1078 2609 dIcta
1097 2584 1131 2609 de

238 2631 320 2649 causa
336 2624 393 2651 fult
411 2625 537 2658 depictus
556 2628 734 2660 vietuperose
751 2630 923 2663 in·palatio;
945 2633 975 2656 et
998 2632 1132 2658 dominus

238 2672 401 2699 Bertollnus
418 2674 450 2699 de
466 2675 493 2700 la
511 2676 600 2701 Turre
618 2676 651 2702 de
668 2678 768 2710 Regio,
786 2679 848 2704 eius
866 2680 998 2712 vicarius,
1011 2682 1131 2714 comple-

238 2720 283 2745 vit
300 2722 418 2747 offitlum
435 2725 607 2755 potestas-lae
623 2733 677 2758 pro
693 2733 738 2753 eo.
762 2727 868 2754 Eodem
886 2736 970 2755 anno.
990 2731 1131 2757 Dominus

238 2768 376 2796 Gerardus
393 2771 426 2797 de
443 2772 577 2799 Robertis
594 2773 626 2799 de
644 2775 757 2808 Tripoli
775 2776 807 2802 de
823 2777 914 2811 Regio
931 2777 989 2804 fuit
1006 2780 1132 2811 potestas

244 2848 656 2862 -ᾕ-μ-

323 2885 333 2903 ¹
351 2888 416 2914 Non
434 2896 530 2916 manca
546 2891 658 2924 qualche
685 2895 806 2926 esemplo
831 2896 985 2927 contrat-lm
1011 2904 1056 2922 ma
1081 2897 1127 2923 cio

237 2931 354 2957 avaene
373 2933 460 2958 molto
478 2934 509 2960 di
527 2935 604 2962 rado.

1524 2181 1749 2215 NEGRosom.

1435 2237 1506 2265 (sibl.
1521 2238 1602 2264 σοίῆ,
1616 2238 1669 2261 eod.
1684 2240 1716 2266 90,
1731 2245 1753 2261 c.
1767 2239 1793 2260 ⁶9
1807 2238 1840 2265 v.)
2111 2226 2155 2262 30

1274 2292 1314 2317 M.
1333 2291 1426 2318 Guido
1444 2293 1479 2318 da
1496 2293 1618 2320 Camuta
1635 2294 1670 2319 de
1689 2295 1784 2320 Zenua
1802 2293 1882 2319 Intro
1900 2291 2016 2326 podest&
2036 2301 2086 2327 pa·

1184 2339 1206 2365 li
1224 2340 1325 2372 prim1;
1345 2341 1385 2367 M.
1404 2341 1564 2375 Guguelmo
1590 2343 1622 2368 de
1647 2343 1765 2376 Mapigll
1789 2343 1823 2368 da
1841 2343 1928 2368 Prato
1953 2343 2085 2376 capitano

1185 2395 1236 2420 per
1253 2389 1275 2414 u
1292 2390 1417 2416 secundi.
1453 2391 1487 2416 El
1505 2391 1579 2417 dicto
1599 2409 1774 2419 .......
1792 2393 1876 2417 nocte
1895 2392 1937 2417 del
1955 2392 2085 2425 vlegnerl

1186 2455 1359 2466 .......
1377 2437 1438 2472 fug]
1456 2457 1464 2465 .
1485 2458 1492 2466 .
1513 2459 1520 2467 .
1540 2458 1547 2467 .
1568 2459 1575 2467 .
1597 2459 1604 2466 .
1623 2458 1630 2466 .
1653 2448 1708 2466 con
1726 2441 1772 2466 sui
1791 2441 1830 2467 tri.
1842 2441 2031 2473 pei-sunamiti
2048 2459 2056 2466 .
2075 2458 2083 2467 .

1185 2505 1302 2514 .....
1321 2496 1336 2513 e
1354 2489 1416 2514 dalo
1434 2490 1567 2523 imperio*
1577 2498 1629 2522 per
1640 2491 1748 2522 quanto
1768 2508 1775 2516 .
1794 2508 1802 2516 .
1822 2509 1829 2516 .
1847 2507 1855 2515 .
1875 2508 1882 2515 .
1902 2508 1908 2516 .
1928 2509 1935 2516 .
1949 2489 2084 2515 tradimoe
2109 2478 2150 2511 35

1184 2536 1228 2561 nel
1246 2537 1347 2562 Palazo
1365 2556 1536 2564 .......
1555 2538 1587 2563 de
1604 2539 1631 2563 la
1651 2539 1742 2564 Torre
1767 2538 1801 2564 da
1818 2539 1909 2571 Regio
1911 2554 2082 2564 .......

1184 2584 1277 2618 compl
1293 2586 1404 2612 l'officio
1423 2594 1474 2612 suo
1493 2587 1535 2612 del
1552 2586 1675 2620 podesta.
1712 2589 1753 2613 M.
1768 2587 1908 2614 Ghirardo
1920 2587 1950 2613 di.
1961 2587 2083 2612 Robertl

1183 2634 1217 2659 da
1235 2636 1349 2668 Tripoli
1367 2636 1401 2661 da
1412 2637 1503 2669 Regio
1517 2636 1595 2662 intro
1607 2635 1726 2669 podest&
1738 2645 1786 2670 per
1799 2638 1820 2662 li
1839 2637 1956 2670 segondi
1968 2636 1991 2661 11
2001 2635 2082 2669 quale

1185 2683 1218 2708 de
1236 2685 1471 2711 comandamento
1490 2686 1532 2710 del
1550 2688 1690 2719 consiglio
1708 2686 1766 2711 fece
1784 2685 1891 2724 desiere
1910 2686 1935 2711 le
1960 2692 2024 2710 caxe
2047 2685 2082 2710 de

1185 2732 1224 2758 M.
1243 2733 1397 2759 Francesco
1415 2735 1448 2759 de
1467 2735 1617 2761 Ghisilieri
1634 2733 1733 2768 perche
1751 2736 1826 2760 ucise
1844 2742 1902 2760 uno
1920 2734 1953 2759 de
1971 2735 1999 2759 la
2015 2740 2083 2760 caza
2107 2728 2150 2759 40

1185 2781 1218 2806 de
1222 2800 1392 2809 .......
1411 2784 1481 2817 aijxl
1492 2782 1504 2800 ²

1268 2898 1279 2916 ²
1297 2900 1311 2924 1
1322 2902 1437 2932 puntini
1449 2909 1508 2926 non
1521 2903 1741 2933 rappresentano
1754 2902 1857 2932 lacune,
1873 2908 1917 2926 ma
1929 2908 2000 2927 sono
2013 2901 2081 2927 nelle

1180 2944 1265 2975 copie
1283 2943 1435 2970 dell’Univ.
1453 2952 1468 2969 e
1487 2945 1557 2970 della
1576 2945 1740 2971 Comunale.
