2196 3424
82 739 173 758 c.52a

72 1525 162 1550 c·5³⁶

32 1794 108 1817 Mun„
125 1793 162 1813 13³

64 2328 84 2344 c.
99 2327 156 2347 5⁴ss

250 167 297 206 28
810 162 1089 201 MATTHAEI
1116 162 1186 200 DE
1215 161 1563 200 GRIFFONIBUS
1808 168 1890 204 [ΛΑ.
1909 168 2091 213 1299-1303]

246 300 446 338 Mediolani,
462 298 555 342 quod
572 297 710 330 offitium
727 296 934 339 acceptavit,
951 296 1013 328 sed
1030 295 1115 328 obiit
1130 300 1209 326 ante
1227 294 1440 336 principium
1458 293 1545 326 dieti
1560 293 1666 325 offitii.
1714 294 1766 326 Ita
1781 295 1875 336 quod
1892 305 1960 327 non
1976 297 2089 338 potuit

245 355 295 386 ire
319 354 363 386 ad
386 352 523 385 offitium
548 356 582 383 et
606 350 649 382 de
672 350 779 391 ipsius
801 354 911 381 morte
937 357 1055 380 omnes
1078 347 1179 379 valde
1204 346 1406 385 doluerunt,
1438 355 1481 378 eo
1511 346 1592 388 quia
1618 352 1692 379 erat
1719 347 1820 380 valde
1852 347 1962 380 bonus
1991 349 2090 382 miles

246 413 280 438 et
302 406 404 437 homo
427 404 563 446 sapiens
585 409 619 435 et
642 402 752 434 bonae
777 401 1011 433 conscientiae
1036 406 1070 432 et
1094 400 1218 431 famae.
1397 428 1399 430 ,
1493 435 1502 446 .

333 457 465 490 Eodem
489 464 591 493 ann0‚
615 455 650 486 in
674 454 792 497 vigilia
822 453 1029 486 Nativitatis.
1054 470 1095 475 —
1118 452 1288 484 Dominus
1317 462 1409 494 papa
1438 451 1633 484 Bonifatius
1664 458 1807 486 octavus
1837 455 1979 495 protulit
2009 466 2087 488 sen-

245 511 385 544 tentiam
420 519 523 550 super
557 507 756 550 quaestione
790 517 877 548 quae
909 511 983 538 erat
1014 506 1105 538 inter
1137 515 1284 537 comune
1321 505 1499 537 Bononiae
1530 515 1573 536 ex
1603 516 1673 537 una
1708 512 1807 547 parte
1839 512 1875 539 et
1908 507 2085 540 dominum
2132 508 2150 541 5

244 563 477 595 marchionem
509 561 689 592 Estensem
720 570 763 591 ex
793 559 861 591 alia
895 565 929 591 et
960 568 1106 590 comune
1137 558 1294 590 Mutinae
1326 558 1370 589 de
1403 558 1523 590 castris
1553 558 1693 601 Bacani,
1725 558 1913 602 Savignani
1948 566 1982 593 et
2011 561 2088 594 aliis

243 616 342 649 terris
364 613 539 657 promissis
561 612 700 645 comuni
722 612 899 644 Bononiae
907 623 916 649 3
942 617 976 643 et
996 610 1073 654 jura
1095 616 1174 643 sunt
1195 611 1232 642 in
1255 610 1398 643 archivo
1421 610 1562 653 publico
1593 611 1750 643 comunis
1777 611 1954 646 Bononiae
1986 620 2021 647 et
2051 615 2087 647 in

244 668 396 701 sacristia
418 667 563 699 fratrum
586 665 771 697 Minorum.

334 719 486 753 M.CCC.
516 737 557 742 ——
582 719 704 750 Frater
726 717 891 749 Nicolaus
916 718 959 749 de
984 717 1202 749 Guidonibus
1226 717 1270 749 de
1293 716 1440 755 Mutina,
1470 717 1560 749 filius
1591 717 1770 764 Genannis
1799 719 1904 761 spurii
1934 719 1978 752 de
2003 719 2088 753 Gui-

243 773 398 811 donibus,
422 772 481 815 qui
505 777 578 803 erat
602 771 645 803 de
669 770 800 802 Ordine
825 771 968 802 fratrum
992 769 1166 802 Minorum
1191 776 1226 802 et
1250 776 1323 802 erat
1347 770 1449 802 valde
1474 770 1585 802 bonus
1615 771 1846 812 praedicator,
1869 772 1955 805 obiit
1977 779 2086 806 morte
2114 774 2153 806 10

242 827 427 863 subitanea,
451 824 532 867 quia
555 823 684 856 cecidit
706 829 859 855 mortuus
881 823 917 854 in
940 829 1078 861 terram,
1111 823 1192 854 dum
1216 823 1283 855 iret
1305 833 1370 864 per
1394 823 1579 855 claustrum
1603 824 1714 856 sancti
1743 825 1939 863 Francisci;
1964 832 1999 859 et
2021 826 2087 859 hoc

242 880 307 912 fuit
323 879 379 911 die
395 887 450 918 VIJ
471 876 627 918 ianuarii.
673 876 719 908 Et
742 876 798 908 die
816 876 984 918 sequenti,
1010 876 1090 907 dum
1114 876 1174 907 alii
1196 875 1323 908 fratres
1345 882 1524 918 portarent
1547 876 1658 919 ipsum
1675 877 1720 909 ad
1743 877 1991 920 sepeliendum,
2014 880 2087 922 ipse

240 932 367 965 levavit
389 941 491 963 unam
522 940 659 961 manum
691 935 726 961 et
756 929 902 961 extraxit
932 929 1173 970 scapellarium
1206 929 1250 960 de
1283 930 1397 971 capite
1428 929 1529 961 unius
1553 940 1596 962 ex
1625 930 1791 963 fratribus
1822 931 1881 974 qui
1903 931 2087 974 portabant

241 995 318 1018 eum
326 996 335 1022 ς
360 990 395 1017 et
418 990 500 1016 tunc
523 983 582 1015 ille
606 982 716 1014 frater
744 988 888 1024 propter
918 982 1076 1014 timorem
1108 982 1239 1014 cecidit
1261 983 1490 1021 tramortitus3
1515 989 1550 1016 et
1574 984 1687 1016 dictus
1708 983 1820 1016 frater
1842 984 2009 1018 Nicolaus
2031 996 2085 1018 re-

240 1038 324 1071 vixit
345 1044 380 1070 et
403 1037 487 1070 vixit
508 1042 629 1079 postea
650 1037 714 1078 per
736 1045 790 1076 Χῖ]
812 1044 920 1067 annos
943 1035 1033 1067 ultra
1041 1047 1051 1073 ;
1069 1041 1104 1068 et
1127 1035 1269 1068 dicebat
1283 1036 1378 1078 quod
1394 1036 1530 1069 viderat
1553 1037 1726 1080 magnalia
1742 1043 1777 1070 et
1799 1038 1907 1070 multa
1928 1048 2018 1071 nova
2040 1039 2085 1072 de
2113 1038 2150 1072 15

240 1089 507 1135 quampluribus,
531 1089 590 1132 qui
612 1088 738 1121 mortui
761 1094 869 1126 erant,
891 1087 961 1130 jam
985 1094 1059 1120 erat
1082 1088 1223 1132 longum
1248 1094 1393 1131 tempus.

326 1143 461 1176 Eodem
489 1151 590 1174 anno.
626 1159 668 1164 ——
703 1141 833 1174 Civitas
856 1140 1008 1184 Eugubii
1030 1148 1179 1183 accepta
1201 1141 1268 1174 fuit
1293 1141 1425 1174 Guelfis
1446 1153 1512 1184 per
1535 1142 1762 1183 Ghibellinos,
1787 1144 1846 1187 qui
1869 1144 2086 1179 intraverunt

239 1198 330 1230 intus
351 1206 416 1238 per
437 1195 577 1228 modum
600 1194 873 1238 peregrinorum.
918 1193 1054 1226 Tamen
1076 1194 1144 1236 ipsi
1166 1194 1305 1227 modico
1329 1201 1485 1237 tempore
1501 1202 1688 1229 tenuerunt
1703 1207 1797 1235 eam3
1821 1208 1900 1229 nam
1917 1204 2005 1240 post,
2021 1208 2086 1241 per

238 1259 287 1281 xn
312 1249 386 1281 dies
415 1248 471 1280 vel
502 1247 606 1286 circa,
629 1246 858 1289 perdiderunt
881 1257 968 1285 eam,
991 1253 1158 1288 operante
1181 1247 1338 1288 potentia
1360 1258 1472 1290 papae
1504 1247 1671 1281 Bonifatii
1701 1254 1784 1282 tunc
1815 1251 2002 1294 regnantis,
2025 1251 2086 1295 qui

238 1303 302 1336 isto
325 1311 416 1334 anno
438 1301 525 1334 fecit
546 1300 752 1343 Jubilaeum.
2107 1306 2151 1337 20

325 1354 458 1387 Eodem
480 1363 582 1391 anno,
607 1353 650 1385 de
674 1363 790 1385 mense
813 1352 995 1394 praedicto
1015 1352 1175 1395 januarii,
1198 1354 1310 1396 primo
1334 1354 1402 1386 die.
1427 1372 1469 1376 —
1491 1347 1663 1394 laudum,
1687 1356 1781 1398 quod
1803 1357 1910 1390 latum
1933 1357 2001 1391 fuit
2022 1365 2122 1409 perr

237 1418 361 1451 papam
383 1406 605 1446 Bonifatium,
627 1406 664 1437 in
687 1415 767 1448 quo,
791 1406 847 1438 die
869 1415 979 1446 xme
1003 1406 1210 1446 decembris,
1234 1406 1388 1439 laudavit
1409 1407 1585 1451 Bacanum
1609 1414 1644 1440 et
1671 1408 1905 1453 Savignanum
1928 1421 2002 1443 esse
2026 1421 2085 1443 co-

237 1461 348 1493 munis
368 1460 546 1492 Bononiae
568 1465 645 1499 etc„
669 1459 773 1491 hodie
796 1459 863 1492 fuit
885 1459 1099 1502 publicatum
1122 1460 1168 1493 ad
1190 1460 1431 1504 arengheriam
1455 1462 1611 1493 comunis
1632 1461 1821 1495 Bononiae.

324 1513 494 1547 M.CCCI.
519 1531 561 1536 —
584 1513 739 1546 Comune
762 1513 939 1545 Bononiae
971 1513 1063 1546 misit
1092 1513 1332 1546 Mediolanum
1356 1520 1496 1547 centum
1527 1515 1653 1547 milites
1675 1526 1697 1547 a
1728 1516 1865 1549 duobus
1893 1517 1990 1561 equis
2020 1527 2084 1560 pro

237 1567 391 1612 quolibet
412 1567 448 1598 in
471 1566 646 1599 servitium
670 1567 800 1599 domini
823 1566 979 1599 Mathaei
1001 1567 1230 1600 Vicecomitis
1251 1567 1444 1600 Mediolani
1468 1574 1548 1607 etc„
1575 1578 1640 1611 pro
1668 1569 1802 1602 duobus
1824 1570 2008 1604 mensibus.
2106 1570 2148 1603 25

324 1621 458 1654 Eodem
481 1630 582 1653 anno.
606 1639 648 1643 —
672 1620 796 1653 Comes
818 1619 985 1654 Albertus
1008 1621 1052 1653 de
1075 1621 1252 1666 Mangone
1275 1622 1342 1655 fuit
1365 1622 1480 1655 factus
1511 1623 1712 1665 capitaneus
1737 1623 1948 1657 Montaneae
1975 1618 2098 1657 bono-'

237 1675 373 1708 niensis.

323 1727 458 1761 Eodem
481 1738 582 1760 anno.
607 1746 649 1751 —
680 1728 831 1760 Karolus
862 1728 1078 1768 Senzaterra,
1108 1729 1219 1762 frater
1248 1729 1339 1773 regis
1369 1730 1551 1768 Franciae,
1583 1730 1664 1762 dum
1695 1730 1763 1763 iret
1792 1731 1954 1771 Romam,
1986 1732 2083 1765 venit

236 1781 425 1814 Bononiam
449 1786 484 1813 et
505 1780 740 1813 Bononienses
763 1780 926 1814 fecerunt
955 1781 1020 1814 sibi
1050 1782 1236 1814 maximum
1258 1781 1442 1820 honorem3
1472 1789 1508 1815 et
1538 1782 1637 1815 tunc'
1661 1792 1725 1825 pro
1756 1783 1809 1815 sui
1838 1784 1971 1817 honore
1996 1784 2084 1817 facti

235 1835 375 1867 fuerunt
406 1843 458 1875 v1J
487 1833 622 1873 milites,
653 1834 836 1867 videlicet:
869 1835 1028 1867 dominus
1058 1834 1263 1879 Pelegrinus
1294 1835 1338 1868 de
1371 1835 1534 1875 Galuciis,
1573 1836 1733 1868 dominus
1761 1836 1914 1870 Blancus
1941 1838 1986 1871 de
2013 1838 2084 1871 Ga·
2105 1838 2149 1870 30

234 1888 345 1926 luciis,
369 1887 526 1920 dominus
547 1887 703 1930 Filippus
726 1887 770 1920 de
793 1887 969 1928 Asinellis,
992 1889 1114 1921 aetatis
1137 1898 1192 1931 κῃ
1207 1898 1386 1928 annorum,
1404 1889 1562 1922 dominus
1585 1890 1736 1932 Jacobus
1759 1890 1802 1922 de
1826 1889 2028 1922 Bacelleriis
2050 1895 2085 1922 et

234 1941 391 1974 dominus
413 1940 563 1984 Jacobus
594 1941 638 1973 de
660 1941 837 1981 Tebaldis,
861 1942 1020 1975 dominus
1041 1941 1207 1976 Albertus
1230 1943 1274 1975 de
1297 1942 1471 1986 Asinellis,
1496 1943 1655 1975 dominus
1685 1944 1892 1976 Franciscus
1925 1943 1970 1975 de
1992 1942 2084 1975 Ben-

248 1996 255 2003 '
327 1994 351 2026 li

233 2002 508 2081 twong.·CCCIL
533 2066 574 2070 -—
597 2048 694 2081 Obiit
715 2048 967 2093 Maghinardus
998 2050 1043 2082 de
1075 2049 1263 2089 Sosenana,
1295 2051 1351 2083 die
1383 2050 1485 2083 lunae
1517 2060 1582 2093 va
1612 2051 1759 2095 augusti,
1786 2056 1822 2084 et
1843 2050 1995 2093 sepultus
2017 2049 2085 2082 fuit

232 2102 268 2134 in
291 2101 410 2135 habitu
432 2101 577 2134 fratrum
601 2101 904 2135 Vallisumbrosae.
2105 2101 2147 2134 :35

320 2155 454 2188 Eodem
477 2164 578 2187 anne.
602 2172 644 2178 —-
667 2154 847 2188 Zordanus
870 2162 905 2188 et
926 2156 1165 2189 Bemardinus
1182 2157 1226 2190 de
1242 2157 1489 2192 Boeadeferris
1502 2168 1614 2201 prope
1636 2164 1778 2201 pontem
1794 2157 1919 2190 Lavini
1941 2156 2084 2189 fuerunt

232 2208 384 2242 insultati
405 2218 427 2240 a
448 2207 580 2251 Jacobo
603 2208 647 2240 de
670 2208 853 2251 judicibus
875 2210 920 2242 de
942 2209 1115 2243 Plumatio
1146 2217 1182 2244 et
1209 2218 1289 2244 ante
1315 2211 1454 2244 domum
1476 2210 1616 2245 Alberti
1639 2212 1683 2244 de
1707 2211 1894 2245 Calanchis
1923 2210 1970 2243 ad
1995 2210 2083 2243 Bur-

232 2273 314 2306 gum
335 2261 508 2294 Panicalis
530 2266 683 2293 mortuus
704 2261 772 2295 fuit
795 2262 909 2295 dict-us
931 2263 1123 2296 Zordanus.

321 2314 527 2348 M.CCCIII.
558 2332 600 2338 —
631 2314 728 2347 Obiit
761 2315 919 2348 dominus
949 2326 1040 2359 papa
1072 2317 1268 2351 Bonifatius
1301 2319 1344 2351 de
1377 2329 1494 2351 mense
1525 2318 1731 2362 septembris
1761 2319 1797 2350 in
1827 2318 1959 2356 Roma,
1990 2326 2082 2349 anno

233 2378 325 2401 nono
346 2368 398 2400 sui
419 2367 649 2410 pontificatus.
2104 2371 2148 2402 40

320 2422 454 2455 Eodem
476 2431 578 2454 anno.
601 2439 644 2445 -—
667 2421 823 2465 Expulsi,
847 2423 1011 2457 confinati
1034 2431 1069 2458 et
1092 2425 1226 2459 banniti
1255 2426 1398 2460 fuerunt
1429 2427 1528 2460 multi
1559 2427 1654 2460 cives
1684 2426 1914 2460 bononienses
1940 2425 1984 2457 de
2013 2423 2083 2456 Bo-

233 2476 336 2508 nonia
356 2484 420 2518 pro
441 2480 540 2517 parte
570 2475 796 2508 marchesana
826 2483 861 2510 et
884 2477 1082 2511 destructae
1104 2478 1248 2512 fuerunt
1271 2480 1493 2523 quamplures
1516 2481 1638 2518 domus
1668 2486 1703 2513 et
1726 2486 1838 2512 turres
1861 2488 1990 2511 eorum.
2036 2477 2083 2510 Et

237 2538 382 2560 comune
404 2527 581 2560 Bononiae
604 2527 692 2561 fecit
712 2529 914 2571 palanchari
939 2537 1088 2564 castrum
1106 2532 1273 2576 Uncolae.
1320 2534 1367 2566 Et
1391 2534 1564 2567 duxerunt
1585 2545 1710 2577 aquam
1733 2534 1769 2565 in
1793 2534 1913 2566 foveas
1935 2531 2040 2564 castri
2061 2542 2083 2564 a

232 2580 375 2614 fontana
397 2581 442 2613 de
464 2579 661 2624 Pocadello.
707 2583 755 2615 Et
775 2582 923 2615 incisum
946 2584 1013 2617 fuit
1036 2591 1142 2627 caput
1165 2585 1363 2619 Castellano
1387 2587 1431 2619 de
1454 2586 1668 2631 Platavignis
1690 2587 1727 2618 in
1751 2586 1847 2618 curia
1870 2585 2035 2618 comunis.
2187 2619 2192 2622 .

321 2634 455 2666 Eodem
477 2638 579 2667 anno.
602 2652 644 2658 —
668 2634 764 2668 Obiit
794 2641 831 2668 et
858 2637 1014 2679 sepultus
1043 2638 1111 2671 fuit
1141 2638 1317 2672 dominum
1346 2639 1543 2674 Anthonius
1574 2641 1619 2673 de
1652 2639 1818 2679 Galuciis,
1847 2639 1946 2671 miles
1976 2638 2079 2671 valde
2103 2636 2144 2669 45

318 2816 336 2843 9
354 2810 543 2845 Gnidonibus]
559 2814 652 2839 scritto
669 2823 699 2839 su
717 2815 866 2847 abrasura,·
879 2816 1093 2848 probabilmente
1122 2819 1265 2851 leggevasi
1290 2818 1464 2846 Griffonibus
1483 2833 1494 2839 -
1513 2819 1638 2852 Mutina]
1659 2820 1752 2845 scn'tto
1775 2827 1805 2844 su
1829 2819 1975 2850 abrasura5
1986 2818 2078 2851 prima

229 2851 374 2884 leggevast'
389 2854 518 2880 Bononia
537 2870 569 2874 —
587 2862 653 2888 9-10
672 2857 862 2891 Guidonibus]
880 2860 973 2884 scritto
984 2868 1015 2884 :u
1033 2860 1182 2893 abrasura,·
1196 2862 1306 2894 probab.
1327 2863 1473 2895 leggevasi
1490 2863 1665 2888 Griffonibus
1677 2871 1696 2887 c.
1710 2871 1730 2887 s.
1746 2877 1778 2881 —
1798 2868 1830 2886 22
1844 2860 1912 2895 quo]
1923 2869 2002 2894 segue
2019 2861 2077 2886 lau-

233 2893 311 2918 davit
327 2896 472 2921 cancellato
489 2910 523 2916 -—-
541 2903 576 2930 30
594 2905 638 2930 va
651 2899 743 2930 pn‘ma
761 2899 906 2933 leggevasi
928 2902 1052 2935 quinque
1070 2903 1115 2927 che
1125 2903 1164 2936 fu
1182 2905 1328 2929 cancellato
1352 2919 1385 2924 —-
1411 2910 1493 2935 32-33
1518 2905 1650 2930 dominus
1674 2905 1866 2930 Albertus....
1892 2902 2076 2936 BentivogIIs]

231 2943 299 2968 agg.
318 2938 391 2963 assai
403 2938 452 2970 pir}
471 2939 547 2965 tardi
563 2940 599 2966 da
618 2942 692 2967 altra
711 2950 786 2968 mano
806 2957 838 2961 —
858 2949 891 2976 39
911 2943 951 2969 Le
969 2948 1044 2970 carte
1062 2946 1152 2977 53-56
1169 2955 1231 2971 sono
1249 2950 1380 2979 trasposte
1398 2949 1443 2973 nel
1458 2948 1512 2974 cod.
