2196 3424
102 210 186 247 [ΑΛ.
208 209 387 245 13404345]
690 202 1012 240 MEMORIALE
1040 200 1366 247 HISTORICUM
1897 201 1944 238 55

106 337 184 369 niae
199 341 234 368 et
249 335 414 367 ammovit
430 345 546 367 omnes
561 345 750 378 processus,
767 335 974 367 interdictus
989 340 1023 366 et
1038 335 1224 367 sententias
1248 340 1369 367 contra
1392 334 1501 377 ipsam
1519 334 1695 367 civitatem
1712 335 1823 366 factas
1838 339 1871 366 et
1889 334 1949 366 de-

106 389 159 422 dit
182 388 372 421 dominium
404 388 567 427 civitatis,
599 388 781 422 comitatus
811 393 845 420 et
876 388 1054 420 districtus
1083 387 1261 420 Bononiae
1292 387 1431 419 domino
1462 388 1605 420 Tadaeo
1637 388 1680 419 de
1710 387 1859 429 Pepolis‚
1891 386 1952 429 qui

107 441 270 474 remansit
293 441 384 473 filius
405 446 440 473 et
463 441 594 473 amicus
618 441 750 474 domini
773 451 885 484 papae
916 446 950 473 et
979 445 1119 473 sanctae
1142 450 1303 473 romanae
1334 440 1511 472 Ecclesiae
1533 445 1568 472 et
1590 440 1701 472 tenuit
1732 440 1843 482 ipsam
1866 439 1954 472 civi-

106 500 210 527 tatem
234 494 337 526 modo
361 493 478 526 debito
501 494 546 526 ab
569 494 728 527 Ecclesia
752 503 902 526 romana.

64 546 82 579 5
195 547 261 579 Die
277 556 359 579 vero
375 556 451 578 xxv
468 547 555 579 dicti
571 547 697 579 mensis
713 547 847 591 augusti
869 547 965 579 1340.
979 566 1020 570 —
1033 547 1207 590 Johannes
1224 546 1267 578 de
1283 545 1431 588 Pepolis,
1448 546 1537 578 filius
1555 546 1641 578 dicti
1659 546 1791 578 domini
1807 545 1953 584 Tadaei,
2031 560 2050 576 c.
2064 559 2095 579 os
2108 561 2122 574 a

106 599 170 632 ivit
193 600 386 632 Ferrariam
409 605 444 632 et
467 600 512 632 ad
535 605 684 632 castrum
706 600 854 647 Rodigii
878 605 912 631 et
935 599 985 632 ibi
1009 600 1104 632 venit
1128 599 1287 632 dominus
1310 598 1499 631 Ubertinus
1524 599 1567 631 de
1591 599 1773 638 Chararia,
1798 599 1957 631 dominus

107 652 263 690 Paduae3
287 653 348 684 sed
371 661 471 684 nemo
494 652 607 694 potuit
630 652 719 684 scire
743 662 880 684 causam
905 652 992 684 dicti
1017 662 1183 684 accessus.

195 702 328 735 Eodem
352 712 443 735 anno
467 702 685 740 M.CCCXL‚
710 703 768 735 die
791 702 903 744 primo
926 702 1139 744 septembris.
1161 721 1201 725 —
1217 702 1392 745 Johannes
1409 703 1452 734 de
1474 702 1613 744 Pepolis
1636 703 1835 745 praedictus
1851 702 1958 735 rediit

107 755 300 787 Bononiam
323 761 357 787 et
381 755 438 787 die
460 765 499 796 VJ
522 755 610 787 dicti
632 755 769 793 mensis,
794 755 907 787 dictus
932 755 1090 787 dominus
1114 755 1354 794 Beltraminus,
1378 756 1560 797 episcopus
1585 755 1768 794 Cumanus,
1793 756 1958 800 syndicus

46 808 84 840 10
107 813 141 840 et
164 813 369 850 procurator
392 808 523 840 domini
547 818 668 850 papae,
693 807 835 840 recessit
866 808 910 840 de
940 808 1115 845 Bononia;
1139 813 1174 840 et
1198 808 1357 840 dominus
1387 808 1548 840 Tadaeus
1579 809 1623 840 de
1653 808 1790 851 Pepolis
1820 808 1960 841 sotiavit

107 870 184 893 eum
208 871 315 903 usque
337 861 383 893 ad
406 866 541 903 portam
565 860 718 893 civitatis
741 866 775 893 et
801 860 952 904 Jacobus
977 861 1020 893 de
1043 861 1191 903 Pepolis‚
1214 860 1305 893 filius
1322 861 1408 893 dicti
1426 861 1570 900 domini,
1595 861 1735 894 sotiavit
1751 872 1828 894 eum
1853 872 1960 905 usque

107 912 291 946 Mutinam.

197 966 331 999 Eodem
354 976 446 999 anno
469 973 504 999 et
527 975 652 999 mense.
679 985 721 990 —
743 966 895 1010 Jacobus
920 967 963 999 de
987 966 1125 1008 Pepolis
1149 966 1353 1009 praedictus
1369 966 1434 999 ivit
1450 967 1496 999 ad
1511 967 1754 1010 accipiendum
1779 968 1962 1010 possessio-

110 1028 188 1051 nem
213 1019 319 1051 castri
343 1019 469 1064 Lughi,
493 1020 588 1063 quod
610 1019 753 1052 comites
778 1019 822 1052 de
845 1019 983 1052 Chunio
1007 1025 1172 1062 ceperant
1197 1020 1240 1052 de
1264 1030 1379 1052 mense
1402 1020 1625 1062 praecedenti
1648 1026 1683 1053 et
1706 1021 1876 1055 dederunt
1899 1022 1961 1054 do·-

48 1070 84 1104 15
110 1072 206 1104 mino
229 1072 384 1112 Tadaeo,
408 1073 549 1105 domino
573 1073 727 1105 civitatis
749 1072 937 1105 Bononiae.

197 1125 329 1158 Eodem
353 1135 456 1164 anno,
481 1126 536 1158 die
558 1134 618 1166 111J
641 1124 803 1157 octobris.
823 1144 864 1148 ——
886 1125 1054 1158 Dominus
1077 1126 1239 1158 Tadaeus
1267 1126 1311 1158 de
1336 1125 1475 1169 Pepolis
1498 1126 1592 1159 misit
1622 1127 1799 1160 dominum
1823 1127 1962 1160 Petrum

110 1179 154 1211 de
177 1179 371 1221 Bompetris
393 1178 430 1210 in
453 1178 528 1221 ejus
550 1178 818 1211 ambaxiatorem
841 1179 887 1211 ad
911 1179 1088 1211 dominum
1111 1189 1250 1221 papam.

198 1232 434 1265 M.CCCXLI.
459 1250 502 1256 -
525 1231 693 1264 Dominus
715 1232 890 1275 Johannes
914 1232 958 1264 de
980 1232 1014 1264 la
1036 1232 1130 1264 Tosa
1153 1233 1197 1265 de
1220 1233 1406 1272 Florentia,
1430 1239 1581 1275 potestas
1603 1233 1791 1274 Bononiae,
1815 1234 1959 1267 intravit
2034 1224 2109 1275 {¹⁹0¹}
2120 1222 2158 1269 ¹1?⁶

111 1285 271 1318 officium.

45 1338 88 1370 20
199 1339 333 1371 Eodem
356 1348 460 1371 anno.
485 1356 526 1361 —
550 1339 659 1371 Facta
682 1338 750 1370 fuit
765 1348 890 1382 magna
905 1343 940 1371 et
955 1338 1076 1381 pulcra
1089 1343 1201 1371 zostra
1215 1338 1394 1371 Bononiae
1410 1338 1447 1370 in
1463 1339 1588 1382 platea,
1606 1340 1642 1372 in
1661 1340 1718 1373 die
1740 1341 1895 1373 Pascatis
1911 1352 1964 1373 re-

111 1391 332 1429 surectionis3
349 1390 455 1434 qui[a]
472 1399 562 1423 nova
577 1397 745 1423 venerunt
761 1391 855 1434 quod
872 1391 1038 1423 Saraceni
1055 1391 1195 1423 fuerunt
1212 1391 1366 1424 conflicti
1382 1397 1417 1424 et
1433 1398 1601 1425 venerunt
1617 1393 1654 1425 in
1671 1404 1778 1438 regno
1802 1394 1966 1426 Poloniae

112 1444 202 1489 ultra
226 1445 411 1477 ducentum
434 1444 544 1476 millia
566 1449 601 1476 et
624 1454 742 1476 omnes
764 1445 904 1476 fuerunt
927 1444 1081 1476 conflicti
1113 1449 1147 1476 et
1170 1449 1291 1487 captus
1314 1445 1383 1476 fuit
1405 1445 1558 1487 ipsorum
1584 1446 1833 1479 Saracenorum
1858 1447 1937 1479 duX.

200 1497 332 1530 Eodem
355 1507 458 1535 anno,
484 1497 527 1529 de
550 1507 666 1529 mense
689 1497 782 1541 maji.
808 1515 850 1520 —-
873 1497 972 1530 Obiit
996 1507 1083 1529 uxor
1106 1497 1239 1530 domini
1262 1497 1457 1541 Oppiconis
1473 1499 1638 1538 Estensis,
1654 1500 1866 1532 marchionis
1882 1501 1967 1532 Fer-

113 1550 236 1589 rariae,
261 1561 349 1594 quae
372 1555 445 1582 erat
468 1559 566 1582 soror
589 1549 722 1582 domini
738 1550 874 1583 Tadaei
891 1550 934 1582 de
950 1550 1100 1592 Pepolis‚
1123 1556 1158 1583 et
1181 1560 1245 1593 pro
1268 1561 1310 1583 ea
1334 1551 1448 1583 factae
1472 1552 1612 1585 fuerunt
1635 1562 1781 1596 magnae
1803 1553 1969 1596 exequiae
2022 1560 2027 1565 ⁴

47 1602 88 1635 25
114 1603 150 1635 in
173 1603 332 1636 Bononia
354 1603 392 1635 in
415 1603 563 1635 ecclesia
586 1603 733 1635 fratrum
756 1602 1050 1636 Praedicatorum.

202 1657 336 1689 Eodem
359 1656 550 1689 millesimo.
578 1674 615 1679 —
641 1656 809 1688 Dominus
834 1656 1039 1689 Guilielmus
1064 1657 1107 1689 de
1130 1655 1264 1689 Assisio
1288 1657 1355 1689 fuit
1379 1662 1530 1699 potestas
1559 1658 1738 1692 Bononiae
1761 1669 1824 1702 pro
1848 1669 1970 1692 secun-

116 1709 170 1742 dis
193 1720 253 1742 sex
274 1709 457 1742 mensibus.

202 1762 457 1796 M.CCCXLII.
482 1781 524 1785 —
547 1762 715 1794 Dominus
738 1762 895 1795 Coradus
926 1763 969 1795 de
1002 1763 1100 1795 Bossi
1133 1763 1200 1795 fuit
1223 1769 1376 1806 potestas
1406 1764 1583 1796 Bononiae
1607 1774 1670 1807 pro
1693 1765 1831 1808 primis3
1857 1766 1967 1799 domi-

116 1825 179 1848 nus
202 1815 410 1848 Franciscus
433 1816 477 1848 de
499 1815 720 1858 Camporinis
743 1825 807 1858 pro
830 1816 1003 1849 secundis.

0 1907 1 1910 Ἴ
51 1869 94 1900 30
204 1869 336 1901 Eodem
359 1878 461 1901 anno.
487 1887 529 1891 ——
552 1868 721 1901 Dominus
744 1879 805 1902 rex
828 1869 1003 1902 Robertus
1027 1870 1186 1903 decessit.

205 1922 338 1954 Eodem
360 1931 463 1954 ann0.
481 1940 523 1944 —
540 1921 637 1964 Papa
652 1922 863 1954 Benedictus
879 1923 1026 1955 decessit
1043 1934 1135 1966 papa
1151 1924 1376 1956 duodecimus
1395 1925 1438 1957 de
1454 1934 1569 1957 mense
1585 1925 1714 1967 aprelis
1729 1931 1763 1958 et
1786 1926 1860 1970 ejus
1883 1926 1971 1965 loco,

118 1975 162 2007 de
184 1984 299 2007 mense
322 1975 416 2018 maji,
440 1974 509 2007 fuit
532 1975 646 2007 factus
661 1985 753 2023 papa
769 1975 928 2008 Clemens
944 1981 1068 2014 sextus,
1087 1976 1146 2018 qui
1164 1977 1258 2008 stetit
1274 1987 1365 2019 papa
1381 1977 1500 2009 decem
1516 1978 1617 2009 annis
1633 1983 1667 2010 et
1683 1983 1762 2010 octo
1786 1978 1970 2011 mensibus.

206 2026 479 2061 M.CCCXLIII.
505 2045 547 2050 --
570 2027 738 2060 Dominus
761 2028 883 2060 Bertus
908 2029 951 2060 de
975 2028 1218 2061 Frescobaldis
1251 2029 1294 2061 de
1318 2030 1495 2062 Florentia
1525 2030 1593 2062 fuit
1616 2037 1767 2072 potestas
1790 2031 1969 2064 Bononiae

118 2091 182 2122 pro
205 2081 327 2123 primis
350 2086 390 2113 etv
409 2080 570 2113 dominus
594 2081 800 2124 Raynaldus
824 2081 868 2113 de
891 2080 1041 2113 Staffulo
1064 2091 1128 2123 pro
1151 2082 1323 2114 secundis.

0 2154 2 2166 2
53 2131 94 2165 35
208 2134 341 2166 Eodem
364 2143 468 2172 anno,
494 2134 551 2166 die
575 2143 652 2166 xxv
673 2133 837 2177 januarii.
855 2152 897 2156 —
914 2133 1071 2166 Societas
1096 2135 1195 2167 ducis
1218 2135 1403 2168 Guarnerii
1427 2136 1587 2168 transivit
1603 2147 1666 2178 per
1681 2137 1881 2170 comitatum
1904 2138 1972 2170 Βο-

0 2180 3 2182 ’
120 2187 253 2224 ηοιιίιιε,
269 2197 378 2229 prope
401 2187 579 2219 civitatem
602 2192 637 2219 et
660 2192 757 2219 tanta
780 2186 848 2219 fuit
871 2187 1058 2229 prudentia
1081 2192 1117 2219 et
1140 2188 1319 2220 curialitas
1343 2189 1476 2220 domini
1500 2189 1634 2221 Tadaei
1653 2190 1696 2222 de
1711 2190 1859 2232 Pepolis,
1877 2192 1972 2234 quod

116 2239 226 2273 scivit
248 2240 299 2273 sic
322 2241 440 2272 facere
463 2241 557 2283 quod
579 2245 698 2284 gentes
721 2240 802 2272 illae
825 2249 895 2271 non
919 2240 1228 2273 damnificaverunt
1251 2241 1288 2272 in
1304 2241 1421 2284 aliquo
1438 2242 1638 2274 comitatum
1662 2242 1850 2276 Bononiae.

211 2294 344 2326 Eodem
367 2302 470 2331 anno,
495 2293 552 2325 die
575 2302 629 2334 x1J
651 2293 798 2337 augusti.
825 2311 867 2315 —
890 2293 970 2325 Dux
993 2292 1219 2333 Athenarum,
1244 2294 1403 2326 dominus
1427 2295 1634 2334 Florentiae,
1652 2295 1720 2328 fuit
1743 2297 1902 2339 expulsus
1927 2298 1970 2330 de

122 2347 299 2379 Florentia
321 2352 356 2378 et
378 2346 474 2378 venit
496 2346 702 2378 Bononiam.
1150 2348 1153 2353 '

57 2400 100 2431 40
210 2399 498 2433 M.CCCXLIIII.
516 2418 557 2422 —
580 2399 844 2432 Lambertucius
869 2400 913 2432 de
936 2399 1132 2444 Zaconibus
1148 2400 1216 2433 fuit
1238 2406 1389 2443 potestas
1411 2401 1565 2433 civitatis
1580 2401 1758 2434 Bononiae
1774 2412 1838 2444 pro
1853 2403 1976 2445 primis

124 2463 183 2484 sex
206 2452 379 2485 mensibus
402 2458 437 2485 et
460 2453 619 2485 dominus
641 2448 839 2485 Bonifatius
862 2454 905 2485 de
927 2453 1095 2496 Ricardis
1119 2454 1161 2486 de
1185 2453 1335 2486 Pistorio
1351 2454 1419 2486 fuit
1434 2460 1584 2495 potestas
1607 2464 1670 2496 pro
1694 2455 1863 2489 secundis.

213 2506 346 2538 Eodem
369 2515 471 2544 ann0,
496 2506 553 2538 die
575 2506 689 2548 primo
711 2506 800 2549 julii.
827 2524 868 2529 —
891 2506 1060 2538 Dominus
1082 2506 1254 2539 Mastinus
1270 2507 1314 2539 de
1330 2507 1363 2539 la
1380 2507 1506 2539 Schala
1521 2513 1556 2539 et
1572 2507 1731 2539 dominus
1754 2508 1908 2541 marchio
1932 2510 1976 2542 de

126 2559 286 2591 Ferraria
306 2564 476 2597 „venerunt
499 2559 544 2591 ad
568 2559 745 2591 civitatem
767 2559 947 2591 Bononiae
970 2560 1016 2592 ad
1039 2560 1289 2601 parlamentum
1320 2570 1398 2591 cum
1431 2560 1571 2592 domino
1594 2560 1737 2593 Tadaeo
1762 2561 1805 2593 de
1829 2561 1977 2604 Pepolis‚

127 2612 268 2645 domino
292 2613 446 2644 civitatis
467 2612 646 2644 Bononiae

62 2663 102 2697 45
215 2666 470 2717 M.CCCXLV.
495 2684 536 2688 —
559 2666 728 2698 Dominus
757 2666 932 2710 Johannes
955 2667 998 2699 de
1021 2667 1194 2709 Maceptis
1217 2667 1261 2699 de
1283 2666 1400 2710 Burgo
1422 2667 1534 2699 sancti
1558 2667 1716 2710 Sepulcri
1740 2668 1806 2700 fuit
1829 2674 1979 2710 potestas

128 2719 306 2752 Bononiae
328 2729 392 2762 pro
415 2719 534 2761 primis
557 2724 591 2752 et
615 2718 775 2752 dominus
800 2719 973 2763 Johannes
997 2719 1129 2752 Sanuto
1154 2720 1197 2752 de
1220 2719 1380 2753 Venetiis
1402 2729 1466 2762 pro
1488 2721 1658 2753 secundis,

31 1130 36 1146 Ι

0 2439 9 2518 k

0 2519 9 2603 ὲ

220 2840 253 2858 22
271 2832 338 2865 fuit]
357 2842 435 2866 segue
454 2841 502 2858 rex
520 2834 663 2859 cancellato
684 2848 716 2851 —
736 2838 817 2865 23-25
837 2834 939 2867 ἓνεκα
957 2834 1057 2858 notizia
1075 2841 1122 2858 era
1140 2836 1213 2858 stata
1231 2834 1326 2858 scritta
1344 2834 1372 2858 in
1383 2833 1440 2866 fine
1459 2833 1534 2858 alI’a.
1554 2840 1620 2865 1340
1637 2832 1691 2865 (ma
1705 2834 1755 2865 poi
1764 2834 1803 2867 su
1821 2833 1980 2865 cancellata)

131 2876 162 2900 in.
177 2880 267 2908 questa
279 2876 390 2910 forma:
408 2876 516 2901 Eodem
535 2884 610 2901 anno
629 2876 663 2900 de
683 2883 777 2900 mense
797 2876 863 2908 maji
882 2888 893 2894 -
912 2876 991 2900 Uxor
1004 2876 1113 2900 domini
1127 2876 1297 2900 marchionis
1317 2875 1472 2909 Oppiconis
1486 2875 1520 2900 de
1534 2876 1657 2906 Feraria,
1677 2883 1748 2908 quae
1761 2877 1822 2900 erat
1835 2883 1915 2900 soror
1930 2876 1979 2900 do-

134 2919 206 2943 mini
225 2919 333 2943 Tadaei
351 2919 385 2943 de
405 2919 525 2951 Pepolis,
545 2919 661 2943 decessit
680 2918 824 2943 Ferrariae
843 2919 872 2943 et
889 2918 935 2943 hic
954 2926 1005 2950 pro
1024 2925 1058 2943 ea
1075 2918 1162 2943 sactae
1180 2917 1294 2942 fuerunt
1313 2925 1430 2950 magnae
1449 2918 1583 2951 exequiae
1603 2918 1633 2942 in
1652 2918 1754 2942 Sancto
1774 2919 1925 2943 Dominico
1947 2931 1980 2936 —

133 2967 165 2993 32
186 2960 326 2993 Clemens]
345 2969 424 2993 segue
441 2961 578 2993 septimus
596 2961 740 2986 cancellato
