2242 3418
109 877 128 892 c.
145 874 189 893 133
204 876 218 889 a

111 1560 186 1584 Mun„
204 1559 240 1579 19⁴

113 1671 132 1687 c.
147 1669 191 1689 133
204 1666 216 1686 b

114 2255 135 2271 e.
149 2254 192 2273 15⁴
205 2256 219 2269 α

295 198 342 239 78
830 192 1116 230 ΜΑΤΤΗΛΕΙ
1143 192 1212 227 DE
1243 189 1587 227 GRIFFONIBUS
1848 194 2134 229 1AA.1382-1384]

290 337 380 365 tatus
402 342 423 364 a
446 330 670 375 regiminibus
692 329 878 362 Bononiae.
923 329 969 361 Et
992 337 1061 360 non
1084 327 1172 360 fecit
1194 326 1338 369 aliquod
1362 325 1524 357 damnum
1547 323 1655 356 alicui
1677 334 1845 366 personae
1867 326 2051 359 comitatus
2072 327 2134 360 bo-

293 385 476 423 noniensis,
500 384 592 427 quod
616 383 683 416 fuit
706 388 900 426 reputatum
923 392 1084 426 magnum
1100 381 1235 412 mirum.
1280 379 1326 411 Et
1349 378 1499 410 finaliter
1522 377 1596 419 ipse
1618 377 1684 409 ivit
1707 377 1855 420 Neapoli
1880 384 2002 412 contra
2017 390 2132 424 regem

292 438 486 475 Charolum,
503 447 605 468 causa
620 436 825 468 vindicandi
842 436 1005 480 injuriam
1020 435 1150 467 factam
1166 433 1305 476 reginae
1321 431 1509 474 johannae.
1556 430 1602 462 Et
1617 440 1696 462 cum
1712 440 1753 462 eo
1769 436 1843 463 erat
1866 442 1980 464 comes
2003 432 2135 466 Saban-

291 490 369 522 diae
392 495 426 521 et
448 489 546 521 multi
569 489 629 521 alii
654 488 787 521 nobiles
809 489 970 526 barones3
996 494 1030 520 et
1054 485 1236 519 dicebatur
1259 485 1353 527 quod
1376 483 1474 516 ibant
1498 484 1534 515 in
1559 484 1713 515 favorem
1737 484 1922 526 antipapae
1937 485 2134 525 Clementis,

290 542 452 574 videlicet
468 541 598 573 domini
623 542 770 574 Roberti
794 542 876 574 olim
900 540 1089 573 cardinalis
1106 538 1316 571 Gebenensis
1339 537 1463 579 Zoppi,
1488 536 1547 579 qui
1571 536 1666 568 venit
1689 546 1767 568 cum
1790 536 1990 571 Britonibus
2013 544 2135 571 contra
2181 538 2199 571 5

291 595 463 626 civitatem
487 594 673 633 Bononiae,
697 600 734 626 ut
758 604 861 636 supra
885 594 1014 626 dictum
1039 593 1116 625 suit.

377 648 508 679 Eodem
531 657 633 679 anno.
651 666 692 670 —
707 647 866 680 Mortuus
889 653 939 679 est
954 646 1154 679 Ludovicus
1169 655 1230 677 rex
1246 645 1445 688 Hungariae
1468 649 1578 676 morte
1601 643 1762 682 naturali,
1786 653 1829 675 ex
1851 654 1919 687 quo
1943 644 2031 677 duae
2046 645 2137 678 filiae

291 706 534 733 remanserunt.
581 701 713 733 Tamen
737 701 856 744 major,
881 706 1005 732 vocata
1027 699 1152 737 Maria,
1177 698 1341 730 remansit
1364 697 1495 741 regina.

378 753 510 786 Eodem
532 763 634 792 anno,
659 754 716 786 die
739 754 884 796 septimo
907 753 1070 785 octobris.
1107 771 1148 775 —
1179 751 1348 784 Dominus
1370 751 1520 784 Karolus
1552 751 1595 783 de
1625 749 1858 783 Zambecariis
1888 751 1957 784 fuit
1987 760 2137 784 conven-

291 811 405 839 tuatus
427 806 463 838 in
486 806 619 850 legibus
641 812 675 838 et
699 807 797 839 duxit
820 816 970 839 uxorem.
2164 806 2203 839 10

379 858 718 891 M.CCCLXXXIII.
744 878 784 881 —
807 859 974 891 Dominus
996 858 1197 891 Ludovicus
1221 859 1264 891 de
1280 858 1402 891 Castro
1425 857 1578 890 Rinardi
1595 857 1664 889 fuit
1687 862 1838 899 potestas
1855 857 2043 891 Bononiae.
2067 859 2138 891 Do-

290 912 400 943 minus
422 911 571 954 Jacobus
595 912 638 944 de
660 912 863 944 Rechanate
886 912 955 944 fuit
970 913 1207 954 vicepotestas.
1254 911 1423 943 Dominus
1439 911 1615 944 Robertus
1638 911 1681 943 de
1700 910 1920 953 Camporinis
1943 912 1987 944 de
2010 911 2138 944 Esculo

290 965 357 997 fuit
379 970 530 1006 potestas
551 965 738 1003 Bononiae.

376 1018 507 1050 Eodem
530 1027 631 1050 anno.
656 1036 698 1041 —
721 1018 846 1051 Rocha
868 1017 1036 1051 Anconae
1051 1019 1190 1051 reddita
1213 1019 1282 1051 fuit
1304 1019 1433 1061 populo
1456 1018 1682 1051 anconitanto
1705 1028 1768 1061 per
1791 1018 2014 1051 castellanum
2030 1018 2139 1062 ipsius

291 1070 427 1109 rochae,
452 1071 511 1113 qui
535 1071 644 1113 ipsam
668 1077 824 1104 tenuerat
847 1072 951 1116 longo
974 1078 1129 1114 tempore
1152 1072 1292 1105 nomine
1315 1082 1476 1104 romanae
1499 1071 1688 1104 Ecclesiae.
2164 1070 2203 1104 15

378 1124 510 1156 Eodem
533 1133 635 1163 anno,
660 1125 718 1157 die
733 1135 817 1166 me
832 1125 1010 1164 februarii,
1026 1125 1112 1157 hora
1129 1135 1168 1166 VJ
1191 1125 1315 1158 noctis.
1332 1143 1373 1147 —
1391 1124 1577 1167 Sepultura
1593 1125 1703 1157 sancti
1718 1124 1907 1163 Dominici‚
1931 1135 2020 1168 quae
2035 1130 2086 1158 est
2101 1125 2139 1157 in

290 1176 436 1209 ecclesia
458 1177 604 1208 fratrum
620 1177 903 1210 Praedicatorum
928 1179 971 1210 de
994 1179 1162 1217 Bononia,
1186 1183 1307 1220 aperta
1329 1178 1399 1210 fuit
1421 1183 1456 1210 et
1478 1178 1516 1210 in
1539 1178 1615 1220 ipsa
1637 1183 1774 1220 reperta
1797 1177 1866 1210 fuit
1881 1187 1950 1210 una
1965 1188 2071 1220 capsa
2094 1178 2139 1210 de

290 1229 491 1272 arcipresso‚
516 1230 553 1262 in
577 1241 645 1273 qua
668 1236 766 1263 erant
788 1241 865 1264 ossa
889 1232 976 1264 dicti
999 1232 1121 1264 sancti.
1168 1232 1215 1264 Et
1237 1231 1304 1263 hoc
1328 1232 1487 1263 fecerunt
1510 1232 1584 1263 fieri
1607 1231 1742 1263 antiani
1773 1236 1807 1263 et
1830 1231 2000 1275 regimina
2024 1231 2139 1263 Bono-

291 1283 379 1315 niae.
403 1283 448 1315 Et
464 1284 507 1316 de
523 1284 598 1326 ipsa
613 1295 718 1327 capsa
741 1290 934 1317 extractum
950 1285 1019 1318 fuit
1043 1291 1148 1328 caput
1172 1285 1283 1318 sancti
1305 1285 1482 1317 Dominici
1499 1290 1533 1317 et
1549 1290 1668 1327 postea
1691 1284 1809 1316 claudi
1825 1285 1984 1316 fecerunt
1999 1284 2140 1317 archam

291 1347 368 1368 cum
391 1336 470 1369 aliis
491 1337 649 1380 reliquiis
673 1338 760 1371 dicti
783 1339 906 1371 sancti.
953 1339 1000 1371 Et
1022 1339 1059 1371 in
1082 1339 1158 1381 ipsa
1189 1349 1294 1381 capsa
1316 1338 1430 1381 posita
1453 1343 1487 1370 et
1511 1337 1653 1370 dimissa
1675 1337 1744 1370 fuit
1776 1347 1845 1370 una
1876 1337 2005 1380 scripta
2035 1348 2139 1370 manu
2162 1338 2206 1370 20

290 1389 412 1432 Jacobi
436 1392 479 1423 de
500 1390 705 1431 Blanchitis,
721 1397 804 1424 tunc
822 1392 865 1424 de
888 1402 1030 1425 numero
1053 1393 1281 1431 antianorum‚
1305 1392 1343 1423 in
1367 1402 1435 1435 qua
1458 1392 1588 1433 scripta
1611 1391 1741 1433 scripta
1764 1396 1842 1423 sunt
1865 1391 1979 1423 omnia
2001 1391 2141 1423 nomina

291 1443 427 1476 illorum
451 1444 494 1476 de
517 1444 694 1488 regimine,
719 1445 780 1488 qui
803 1451 900 1477 erant
927 1444 976 1477 ibi
999 1450 1205 1488 praesentes.
1250 1445 1296 1477 Et
1323 1444 1565 1483 incontinenti,
1597 1444 1683 1476 hora
1713 1455 1782 1487 qua
1808 1449 1928 1486 aperta
1954 1444 2022 1476 fuit
2045 1444 2141 1476 dicta

290 1496 406 1535 archa,
436 1498 571 1539 aparuit
594 1507 663 1530 una
685 1499 785 1531 stella
808 1499 1007 1538 clarissima,
1031 1509 1156 1542 magna
1186 1503 1221 1531 et
1242 1508 1371 1542 grossa,
1396 1509 1474 1530 cum
1497 1497 1606 1530 tribus
1629 1498 1761 1536 caudis,
1785 1503 1821 1530 et
1851 1497 1945 1530 stetit
1975 1497 2140 1530 continuo

294 1559 396 1591 supra
418 1550 600 1583 ecclesiam
623 1551 734 1583 sancti
756 1551 934 1584 Dominici
957 1563 1020 1595 per
1041 1551 1179 1584 multas'
1202 1551 1315 1591 horas,
1341 1552 1451 1584 donec
1476 1551 1571 1583 dicta
1593 1551 1701 1583 archa
1715 1551 1811 1583 stetit
1825 1556 1956 1593 aperta,
1971 1555 2006 1583 et
2021 1560 2140 1583 omnes

292 1602 343 1635 ibi
366 1608 561 1645 praesentes
583 1603 749 1637 videbant
772 1605 905 1637 stellam
928 1605 1154 1647 praedictam.
2163 1602 2205 1636 25

385 1656 517 1688 Eodem
540 1666 642 1696 anno,
665 1656 1008 1697 M.CCCLXXXIII‚
1034 1658 1090 1690 die
1114 1668 1177 1699 XVJ
1199 1658 1326 1691 mensis
1349 1658 1528 1697 februarii,
1552 1658 1638 1690 hora
1661 1667 1735 1699 XXJ.
1753 1676 1794 1680 —
1811 1657 1911 1690 Obiit
1933 1657 1994 1689 ille
2020 1657 2142 1690 doctor

293 1708 470 1752 utriusque
491 1709 579 1753 juris
601 1711 846 1743 famosissimus
867 1717 903 1743 et
925 1711 1237 1750 excellentissimus,
1266 1711 1426 1744 dominus
1448 1711 1625 1754 Johannes
1649 1711 1692 1743 de
1714 1711 1885 1755 Lignano,
1909 1715 1944 1742 et
1967 1710 2025 1742 die
2048 1719 2141 1751 xan

294 1761 381 1793 dicti
404 1763 530 1795 mensis
553 1763 620 1795 fuit
642 1763 832 1796 honorifice
855 1765 1008 1807 sepultus
1030 1765 1077 1797 ad
1100 1765 1256 1797 Sanctun
1279 1765 1497 1797 Dominicum
1518 1764 1617 1808 juxta
1639 1764 1816 1797 introitum
1833 1763 2018 1796 sacristiae.

380 1814 513 1847 Eodem
536 1825 638 1849 anno.
663 1834 705 1839 -—-
728 1817 810 1849 Fuit
831 1826 958 1861 magna
979 1818 1171 1850 mortalitas
1193 1818 1230 1850 in
1254 1817 1396 1850 civitate
1419 1822 1453 1849 et
1477 1817 1642 1849 comitatu
1664 1817 1853 1849 Bononiae.

379 1867 510 1900 Eodem
533 1878 634 1902 anno.
660 1888 702 1892 --
724 1870 805 1903 Fuit
827 1870 989 1914 elongata
1010 1870 1105 1914 logia
1128 1871 1195 1903 orti
1218 1870 1340 1913 palatii
1364 1870 1582 1902 dominorum
1606 1870 1833 1902 antianorum.
2164 1870 2207 1902 30

383 1921 514 1954 Eodem
537 1932 639 1955 anno.
664 1941 706 1946 -——
729 1923 909 1956 Venerunt
931 1933 1022 1956 nova
1036 1923 1074 1956 in
1095 1924 1265 1963 Bononia,
1282 1930 1316 1956 et
1331 1923 1381 1956 sic
1406 1934 1524 1956 verum
1539 1923 1617 1962 fuit,
1643 1924 1737 1966 quod
1761 1923 1921 1956 dominus
1935 1923 2142 1966 Raynaldus

294 1974 337 2006 de
359 1974 493 2008 Ursinis
514 1974 636 2008 habuit
659 1976 848 2009 dominium
872 1977 1023 2010 civitatis
1046 1976 1179 2020 Spoleti
1202 1982 1237 2009 et
1260 1977 1354 2020 quod
1376 1987 1468 2019 papa
1491 1976 1654 2009 Urbanus
1676 1976 1728 2009 VI
1750 1981 1873 2019 captus
1895 1976 1963 2008 fuit
1989 1976 2026 2008 in
2048 1976 2141 2009 Nea-

294 2027 366 2069 poli
388 2032 423 2060 et
446 2028 516 2060 dux
539 2028 583 2061 de
604 2027 706 2073 Anco
729 2029 850 2062 habuit
874 2029 1066 2062 dominium
1090 2029 1243 2062 civitatis
1265 2029 1421 2062 Tarenti.

380 2080 512 2113 Eodem
534 2091 637 2121 anno,
661 2082 705 2115 de
727 2092 843 2115 mense
867 2082 1072 2115 novembris.
1097 2101 1138 2106 —
1162 2083 1330 2115 Dominus
1354 2083 1519 2115 Galaotus
1543 2083 1586 2115 de
1608 2082 1800 2116 Malatestis
1822 2082 1942 2116 habuit
1965 2082 2141 2116 civitatem

295 2133 449 2173 Cerviae,
473 2145 575 2178 quam
597 2135 694 2178 prius
716 2135 855 2169 tenebat
879 2136 1039 2169 dominus
1055 2136 1169 2169 Guido
1187 2137 1230 2168 de
1245 2136 1407 2174 Polenta3
1425 2142 1460 2169 et
1475 2136 1541 2169 hoc
1558 2141 1629 2169 tam
1645 2147 1708 2179 per
1726 2137 2016 2181 expugnationem
2039 2147 2141 2180 quam
2164 2133 2206 2168 :35

294 2197 356 2229 per
377 2187 607 2229 proditionem
629 2189 822 2232 aliquorum
845 2189 972 2222 civium
995 2189 1150 2222 Cerviae.

381 2239 741 2274 M.CCCLXXXIIII.
765 2234 807 2265 ——ss
830 2242 997 2275 Dominus
1019 2243 1195 2276 Robertus
1217 2243 1351 2275 Marius
1374 2243 1442 2276 fuit
1464 2248 1615 2285 potestas
1637 2243 1825 2276 Bononiae.
1842 2243 2009 2276 Dominus
2031 2243 2142 2275 Ninus

299 2292 342 2325 de
363 2292 511 2326 Carotiis
534 2294 578 2327 de
600 2294 756 2328 Tuderto
778 2301 939 2338 potestas.

384 2346 517 2379 Eodem
539 2357 641 2387 anno,
666 2348 722 2381 die
735 2372 744 2381 .
757 2372 766 2381 .
779 2372 788 2381 .
801 2372 810 2381 .
833 2349 993 2393 januarii.
1017 2368 1059 2372 —
1082 2349 1266 2383 Mathaeus
1290 2351 1334 2383 de
1358 2350 1575 2384 Griffonibus
1599 2351 1696 2383 duxit
1719 2351 1755 2383 in
1779 2361 1919 2383 uxorem
1947 2350 2120 2383 dominam

299 2399 476 2439 Helenam,
500 2400 606 2432 filiam
628 2399 775 2434 Antonii
800 2401 987 2435 Chodecha
1008 2403 1226 2442 mercatoris3
1243 2409 1278 2436 et
1294 2404 1389 2436 dicta
1412 2404 1468 2436 die
1491 2404 1697 2448 Peregrinus
1721 2404 1766 2436 de
1788 2403 2022 2436 Zambecariis
2046 2401 2143 2435 duxit
2166 2401 2208 2434 40

297 2452 334 2483 in
356 2461 495 2484 uxorem
518 2453 691 2486 dominam
714 2454 887 2495 Ursinam,
911 2461 1049 2498 neptem
1071 2455 1179 2498 ipsius
1201 2455 1371 2489 Anthonii
1394 2462 1428 2489 et
1450 2457 1555 2489 filiam
1579 2457 1660 2489 olim
1684 2457 1852 2500 Johannis
1867 2455 2064 2490 Chodecha.

384 2505 515 2538 Eodem
538 2516 641 2546 anno,
665 2507 709 2539 de
731 2517 847 2540 mense
869 2509 1007 2551 aprelis.
1032 2527 1074 2532 —
1097 2509 1162 2542 Ser
1184 2509 1334 2552 Jacobus
1349 2509 1520 2552 presbiter
1542 2510 1587 2542 ad
1603 2510 1785 2543 ecclesiam
1809 2509 1993 2553 Sassinigri
2015 2509 2059 2541 de
2081 2518 2143 2541 suo

297 2559 462 2602 sanguine
477 2560 618 2602 proprio
634 2561 851 2604 sanguinavit
866 2570 968 2594 unam
984 2562 1130 2595 hostiam
1147 2573 1279 2595 sacram
1296 2563 1444 2596 dicendo
1461 2564 1554 2606 quod
1570 2569 1644 2595 erat
1660 2563 1704 2596 de
1719 2563 1885 2607 sang-uine
1899 2563 1981 2606 Jesu
1997 2562 2127 2595 Christi
2133 2573 2143 2600 ς

298 2617 332 2643 et
354 2611 505 2645 lucratus
527 2613 594 2645 fuit
615 2614 739 2646 multas
760 2615 926 2656 pecunias
947 2626 969 2648 a
990 2616 1151 2660 gentibus
1166 2616 1326 2649 euntibus
1349 2617 1394 2649 ad
1417 2617 1604 2649 videndum
1627 2617 1714 2649 illud
1737 2617 1949 2649 miraculum.
1996 2615 2066 2648 Sed
2088 2625 2142 2647 re-

296 2665 425 2708 gimina
447 2665 596 2698 civitatis
611 2666 791 2699 voluerunt
815 2667 908 2710 quod
931 2667 1057 2701 veritas
1079 2668 1226 2701 sciretur
1233 2681 1243 2707 3
1264 2675 1299 2702 et
1314 2669 1460 2702 veritate
1482 2676 1628 2712 reperta,
1654 2670 1768 2702 dictus
1790 2669 1961 2711 presbiter
1983 2668 2050 2701 fuit
2073 2668 2144 2711 pri·
2167 2665 2208 2700 45

298 2722 396 2750 vatus
418 2723 453 2750 et
474 2719 604 2760 positus
625 2719 662 2751 in
686 2720 786 2753 cabia
807 2726 843 2753 et
865 2719 1047 2754 damnatus
1069 2721 1115 2754 ad
1138 2727 1322 2765 perpetuos
1347 2732 1514 2756 carceres.

385 2770 515 2803 Eodem
527 2781 629 2811 anno,
642 2772 685 2804 de
693 2782 809 2805 mense
823 2773 916 2817 maji.
927 2792 969 2797 —
979 2774 1057 2807 Duo
1074 2775 1289 2817 stipendiarii
1304 2776 1437 2818 pedites
1452 2776 1723 2808 mediolanenses
1739 2779 1927 2818 rapuerunt
1938 2784 2042 2806 unam
2054 2774 2144 2807 scla-

298 2833 375 2855 vam
397 2822 433 2855 in
455 2824 570 2865 platea
592 2825 745 2858 comunis
759 2825 946 2865 Bononiae,
971 2837 1038 2870 qua
1054 2827 1098 2860 de
1114 2838 1217 2861 causa
1231 2828 1298 2870 ipsi
1313 2828 1414 2861 ambo
1431 2829 1571 2861 fuerunt
1587 2829 1742 2871 suspensi
1757 2838 1819 2871 per
1833 2828 1949 2872 gulam
1965 2827 2001 2859 in
2017 2827 2142 2870 platea.

301 2963 314 2986 l
388 2920 478 2988 9ddig]
495 2930 574 2955 segue
592 2923 670 2950 xxn
688 2925 833 2950 cancellato
852 2938 885 2944 —-
904 2931 969 2957 9-10
991 2926 1074 2951 Tatta
1092 2926 1121 2951 Ia
1138 2927 1238 2951 notizia
1248 2927 1287 2961 su
1309 2928 1445 2959 aggiunta
1453 2926 1502 2959 pit}
1516 2927 1597 2952 tardi.
1614 2941 1645 2946 -
1659 2933 1692 2959 39
1705 2927 1726 2951 I
1727 2927 1837 2958 pantini
1848 2929 2054 2958 rappresentano
2068 2934 2119 2950 una

311 2971 393 2988 acuna
424 2964 451 2988 el
470 2967 578 2997 autogr.
