2242 3418
173 176 256 214 [ΛΑ.
274 180 460 214 1420-1423]
751 171 1073 210 MEMORIALE
1102 172 1425 210 HISTORICUM
1934 169 2002 209 107

260 302 392 335 Eodem
416 313 518 341 anno,
544 303 601 335 die
625 312 717 344 xan
741 302 905 336 octobris.
930 321 971 326 —
995 302 1128 335 Batista
1150 308 1185 334 et
1207 302 1393 334 Baldesera
1423 301 1487 333 filii
1509 301 1664 334 Mathaei
1689 302 1733 334 de
1756 300 1929 339 Canitu10‚
1954 300 2014 343 qui

171 361 270 388 erant
293 356 468 394 confinati,
492 355 620 388 reversi
644 356 785 388 fuerunt
807 355 1001 388 Bononiam
1026 356 1070 388 de
1092 355 1237 387 licentia
1258 360 1293 387 et
1315 355 1491 387 voluntate
1515 354 1647 387 domini
1671 354 1794 397 legati3
1823 359 1900 396 post
1931 363 2015 396 quo-

172 419 248 441 rum
270 408 511 448 reversionem,
542 419 606 451 per
635 408 790 440 modicos
814 408 897 447 dies,
921 408 1009 440 obiit
1039 408 1222 440 Mathaeus
1253 408 1296 440 de
1327 407 1500 446 Canitulo,
1530 417 1648 439 eorum
1677 412 1786 449 pater,
1818 412 1853 438 et
1885 405 2017 438 dictum

172 461 241 494 fuit
256 461 350 504 quod
374 461 550 494 ceciderat
574 462 617 494 de
640 470 709 493 uno
731 470 820 504 equo
828 473 838 499 3
862 466 896 493 et
919 460 1008 493 obiit
1030 461 1077 493 ad
1100 460 1296 493 Policinum
1319 464 1354 492 et
1376 460 1529 502 sepultus
1552 459 1619 492 fuit
1635 460 1736 492 valde
1760 459 1949 491 honorifice
1971 459 2018 491 ad

130 512 148 545 5
173 514 338 554 Sanctum
362 513 587 546 Franciscum
611 515 757 546 fratrum
773 513 949 546 Minorum
971 513 1160 546 Bononiae.

261 566 394 599 Eodem
417 576 520 606 anno,
544 566 603 599 die
627 576 735 607 xxan
759 566 962 605 decembris,
979 566 1016 598 in
1033 566 1155 610 vigilia
1170 565 1375 598 Nativitatis
1389 565 1531 598 Domini
1555 565 1674 597 nostri.
1692 584 1733 588 —
1752 564 1855 606 Capti
1879 565 2018 596 fuerunt

171 625 206 652 et
229 620 398 652 carcerati
423 630 486 661 pro
509 625 608 662 parte
632 620 765 652 domini
789 619 894 663 legati
918 619 1146 661 infrascripti,
1178 619 1360 652 videlicet:
1385 617 1559 651 Antonius
1582 618 1626 650 de
1649 618 1867 661 Bargellinis‚
1890 617 2018 649 Benin-

173 673 277 704 chasa
301 673 345 705 de
368 672 585 716 Bargellinis,
609 673 784 716 Johannes
808 673 852 705 de
875 672 1094 711 Blanchiffls,
1118 671 1241 704 Petrus
1263 671 1477 704 Venetianus
1493 671 1695 715 calegarius,
1719 670 1887 702 Nicolaus
1915 670 2017 702 Stan-

171 725 283 758 chabo
307 726 523 769 stracarolus,
548 736 603 758 ser
626 725 752 758 Santus
783 726 827 758 de
857 725 956 769 Lugo
988 730 1129 757 exactor
1159 724 1316 757 comunis
1346 724 1524 757 Bononiae
1547 729 1581 756 et
1604 722 1763 756 Andreas
1786 723 1830 755 de
1857 722 2019 755 Albertu-

110 779 149 811 10
173 778 238 810 ciis
268 784 388 811 sartor.

258 830 529 864 M.CCCCXX1.
554 832 689 864 Eodem
712 841 814 870 anno,
839 831 883 864 de
906 841 1021 863 mense
1044 830 1222 864 februarii.
1248 849 1289 854 —
1312 829 1486 863 Antonius
1518 831 1561 863 de
1591 829 1809 873 Bargellinis‚
1836 829 2014 862 Benincha

172 884 216 917 de
239 884 456 928 Bargellinis‚
480 885 656 928 Johannes
672 884 715 917 de
730 884 949 922 Blanchittis,
966 884 1133 916 Nicolaus
1157 883 1356 916 Stanchabo
1371 888 1406 916 et
1421 882 1579 915 Andreas
1596 883 1640 915 de
1662 881 1875 915 Albertuciis
1898 887 2018 919 sartor,

171 937 285 969 noctis
308 942 472 979 tempore,
496 938 636 970 fuerunt
658 937 805 969 extracti
829 938 873 970 de
896 937 1093 969 carceribus
1116 942 1150 969 et
1173 935 1268 968 missi
1296 937 1436 968 fuerunt
1466 941 1564 968 extra
1593 935 1803 974 Bononiam3
1828 941 1863 967 et
1887 935 2019 968 dictum

171 990 240 1022 fuit
263 990 357 1033 quod
380 990 474 1022 missi
498 991 638 1022 fuerunt
661 990 699 1022 in
722 990 864 1022 rocham
881 989 1002 1022 Sancti
1018 989 1187 1033 Johannis
1211 989 1283 1021 sive
1307 989 1419 1027 Centi;
1437 994 1472 1020 et
1487 988 1548 1020 alii
1573 989 1641 1021 duo
1665 994 1901 1034 remanserunt
1924 988 2018 1030 capti

109 1041 146 1074 15
171 1043 208 1074 in
232 1043 400 1081 Bononia,
425 1043 590 1075 videlicet
612 1042 735 1075 Petrus
757 1042 970 1075 Venetianus
992 1047 1027 1074 et
1050 1052 1105 1074 ser
1128 1042 1254 1075 Santus
1278 1042 1321 1074 de
1336 1042 1436 1085 Lugo
1452 1046 1593 1073 exactor
1608 1041 1764 1072 comunis
1787 1041 1973 1073 Bononiae.

259 1096 326 1127 Die
350 1091 414 1136 xxj
435 1095 566 1138 aprilis.
591 1114 633 1119 —-
656 1095 824 1128 Dominus
847 1095 1105 1127 Bartolomaeus
1128 1095 1172 1127 de
1194 1094 1342 1138 Macolis
1373 1094 1481 1133 miles,
1506 1094 1665 1126 dominus
1687 1093 1862 1125 Romaeus
1885 1094 1929 1126 de
1951 1092 2020 1125 Fo-

172 1149 332 1180 scarariis
354 1149 452 1180 miles
474 1154 508 1181 et
532 1149 655 1181 doctor
676 1154 710 1181 et
732 1148 897 1181 Nicolaus
920 1149 963 1181 de
985 1147 1218 1180 Zambecariis
1233 1157 1392 1190 campsor
1413 1147 1508 1179 missi
1538 1148 1678 1179 fuerunt
1701 1146 1952 1179 ambaxiatores
1974 1147 2020 1179 ad

172 1201 349 1234 dominum
374 1207 526 1234 nostrum
549 1212 676 1244 papam
698 1201 889 1234 Mar-tinum
912 1201 1080 1244 quintum.

258 1255 324 1287 Die
348 1264 431 1296 me
451 1255 550 1298 junii.
568 1273 609 1278 —
626 1254 794 1287 Dominus
816 1254 984 1298 Ugolinus
1008 1255 1051 1287 de
1073 1254 1271 1297 Migloratis
1287 1254 1331 1286 de
1348 1252 1500 1285 Civitate
1516 1253 1657 1290 Castelli
1674 1253 1816 1286 intravit
1832 1253 2020 1285 honorifice

106 1308 148 1339 20
172 1307 321 1340 officium
344 1308 538 1340 executoris
561 1307 715 1340 civitatis
738 1307 915 1340 Bononiae
937 1317 1001 1349 pro
1026 1306 1167 1339 domino
1199 1306 1381 1339 cardinali.
1882 1335 1885 1338 .

259 1360 326 1392 Die
350 1370 418 1392 x111
439 1360 538 1403 junii.
564 1379 605 1383 —
629 1360 785 1392 Potestas
818 1359 998 1392 Bononiae
1029 1364 1064 1391 et
1097 1359 1256 1392 dominus
1288 1359 1465 1392 Romaeus
1489 1359 1533 1392 de
1560 1358 1773 1391 Foscarariis
1803 1358 1940 1391 iverunt
1973 1359 2019 1391 ad

172 1413 350 1446 dominum
373 1424 498 1456 papam
521 1424 585 1455 pro
608 1412 910 1445 ambaxiatoribus.

259 1466 326 1498 Die
349 1476 424 1498 xxv
447 1466 615 1498 februarii
637 1464 927 1498 M.CCCCXXII.
952 1484 994 1488 —
1017 1464 1100 1497 Fuit
1122 1464 1301 1507 publicata
1316 1470 1351 1496 et
1373 1464 1517 1498 bandita
1540 1465 1612 1509 liga
1635 1465 1727 1497 inter
1750 1464 1926 1498 dominum
1943 1475 2019 1496 car-

173 1519 323 1552 dinalem
347 1520 497 1564 legatum
519 1519 697 1551 Bononiae
720 1524 754 1551 et
778 1518 955 1551 dominum
979 1519 1106 1551 ducam
1130 1518 1439 1550 Mediolanensem.

105 1573 149 1604 30
258 1572 326 1604 Die
348 1582 373 1604 v
395 1572 521 1604 mensis
544 1571 670 1604 martii.
695 1589 738 1595 —
760 1571 930 1603 Dominus
953 1571 1086 1615 legatus
1101 1571 1195 1602 misit
1218 1570 1471 1603 ambaxiatores
1487 1571 1533 1604 ad
1551 1571 1727 1604 dominum
1745 1572 1870 1604 ducam
1885 1571 2020 1603 Medio-

171 1625 243 1657 lani
274 1626 525 1668 infrascriptos,
557 1624 722 1658 videlicet
759 1624 1012 1667 camerlengum
1037 1623 1125 1656 dicti
1150 1623 1282 1656 domini
1313 1624 1431 1668 legati,
1464 1624 1642 1657 dominum
1670 1624 1861 1668 Rieardum
1889 1625 1933 1657 de
1955 1624 2021 1656 Pe-

171 1678 262 1721 polis
283 1678 427 1711 militem
449 1684 484 1711 et
506 1677 725 1711 Ludovicum
747 1677 930 1720 Mucarelli
954 1682 1180 1709 mercatorem
1205 1677 1313 1709 sirici.

258 1731 325 1764 Die
350 1741 425 1764 xxv
447 1731 585 1774 aprelis.
603 1749 644 1754 —
667 1729 849 1762 Dominus'
872 1730 1040 1763 Nicolaus
1062 1730 1244 1773 episcopus
1267 1731 1442 1763 Bononiae
1459 1731 1524 1763 ivit
1546 1741 1610 1773 pro
1633 1730 1865 1764 ambaxiatore
1882 1730 2015 1764 domini

171 1794 282 1827 papae
305 1785 351 1818 ad
373 1794 488 1828 regem
511 1782 683 1816 Franciae
705 1788 740 1830 et
763 1793 878 1827 regem
903 1781 1064 1827 Angliae.

106 1834 147 1869 35
259 1837 326 1869 Die
348 1837 460 1880 primo
484 1837 631 1881 augusti.
656 1832 707 1860 —'
722 1836 954 1880 Symoncinus
978 1837 1022 1868 de
1037 1835 1348 1869 Bondelmontibus
1365 1837 1408 1869 de
1424 1836 1602 1870 Florentia
1625 1837 1770 1870 intravit
1793 1837 1942 1870 officium
1958 1847 2020 1879 po·-

170 1890 330 1923 testariae
352 1890 529 1923 Bononiae
551 1896 585 1922 et
609 1890 678 1923 fuit
700 1889 828 1932 probus
850 1895 885 1922 et
908 1890 1027 1922 valens
1050 1895 1210 1931 potestas.

263 1944 357 1982 1422,
381 1943 439 1976 die
460 1944 563 1976 lunae
586 1952 649 1984 κν]
671 1942 818 1986 augusti.
843 1960 885 1965 —
908 1942 1016 1975 Venit
1038 1943 1231 1975 Bononiam
1255 1943 1415 1976 dominus
1438 1943 1627 1976 cardinalis
1650 1944 1822 1982 Senensis,
1846 1944 1935 1976 civis
1958 1954 2015 1976 ve-

171 1996 340 2036 netianus,
363 2007 426 2043 pro
449 1997 573 2040 legato,
597 1997 718 2028 missus
741 1996 799 2028 hic
815 2006 878 2038 per
902 1996 1079 2028 dominum
1103 2007 1239 2038 papam.
1287 1997 1360 2035 Qui
1385 1997 1573 2029 cardinalis
1596 1997 1665 2029 fuit
1688 1997 1790 2029 homo
1812 1996 2019 2040 justissimus

171 2055 206 2081 et
229 2049 355 2088 bonus;
379 2055 414 2082 et
437 2055 519 2082 tunc
543 2049 683 2082 recessit
707 2049 866 2082 dominus
887 2049 1075 2081 cardinalis
1090 2049 1285 2093 Hyspanus,
1302 2049 1362 2092 qui
1379 2055 1452 2082 erat
1468 2050 1720 2082 valentissimus
1735 2055 1770 2082 et
1786 2049 2018 2082 nobilissimus

106 2103 148 2134 40
173 2102 341 2135 dominus.
2016 2135 2017 2139 ,

258 2156 326 2188 Die
347 2156 468 2198 primo
499 2155 701 2189 decembris.
739 2175 780 2179 —
815 2156 984 2189 Dominus
1015 2155 1224 2188 Franciscus
1256 2156 1299 2188 de
1331 2156 1456 2188 Sicilia
1486 2156 1619 2194 doctor,
1652 2156 1711 2199 qui
1747 2162 1821 2188 erat
1854 2161 2020 2188 executor

123 2206 129 2210 ’
169 2209 330 2252 justiciae
345 2209 383 2241 in
398 2209 556 2242 Bononia
571 2219 635 2251 pro
657 2209 798 2242 domino
821 2210 945 2253 legato,
970 2215 1112 2252 propter
1135 2210 1259 2241 multas
1282 2209 1436 2241 robarias
1459 2215 1494 2241 et
1516 2209 1729 2241 extorsiones
1752 2219 1792 2241 ac
1817 2209 2018 2246 homicidia,

171 2272 260 2304 quae
276 2263 406 2294 fecerat
421 2262 459 2294 in
475 2272 536 2294 suo
551 2257 674 2300 officio,
691 2263 760 2294 fuit
775 2263 992 2304 decapitatus
1008 2262 1045 2294 in
1061 2263 1178 2304 platea
1200 2267 1235 2294 et
1251 2262 1499 2294 condemnatus
1521 2262 1567 2294 ad
1590 2266 1733 2293 mortem
1757 2272 1820 2303 per
1843 2262 2015 2305 syndicos,

173 2315 232 2357 qui
250 2315 390 2348 fuerunt
404 2315 506 2348 electi
522 2315 567 2347 ad
582 2315 825 2347 sindicandum
841 2316 964 2357 ipsum.
1012 2315 1085 2354 Qui
1109 2315 1237 2347 sindici
1261 2315 1402 2347 fuerunt
1417 2315 1486 2353 isti,
1511 2315 1692 2347 videlicet:
1710 2315 1869 2346 dominus
1892 2314 2019 2347 Galao-

106 2366 147 2399 45
173 2373 227 2400 tus
243 2368 286 2400 de
301 2367 483 2406 Canidulo,
499 2367 681 2401 Mathaeus
704 2368 748 2400 de
771 2368 989 2403 Griffonibus
1005 2374 1040 2401 et
1056 2368 1259 2400 Ludovicus
1274 2367 1381 2410 Lippi
1398 2367 1582 2411 Mucarelli
1600 2368 1643 2399 de
1663 2367 1744 2400 Seta
1759 2372 1939 2399 mercator.
1972 2368 2018 2400 Et

173 2421 255 2463 quia
276 2421 343 2463 ipsi
367 2421 493 2453 sindici
516 2421 731 2463 reperierunt
747 2421 859 2463 ipsum
882 2427 1104 2454 executorem
1129 2421 1166 2453 in
1189 2426 1241 2453 tot
1264 2426 1299 2453 et
1323 2421 1428 2453 tantis
1443 2421 1543 2452 malis
1566 2426 1600 2453 et
1623 2421 1748 2452 fecisse
1771 2420 1858 2452 mori
1882 2421 2018 2463 aliquas

172 2483 335 2515 personas
349 2479 384 2506 et
399 2474 581 2506 extorsisse
597 2480 648 2506 tot
663 2480 697 2506 et
713 2479 826 2507 tantas
840 2475 1016 2517 pecunias,
1033 2483 1104 2506 non
1120 2479 1306 2516 potuerunt
1323 2484 1401 2506 cum
1424 2484 1485 2506 suo
1509 2475 1639 2506 honore
1663 2474 1774 2515 ipsum
1797 2474 1944 2505 evadere
1969 2473 2018 2505 ita

173 2527 266 2569 quod
278 2527 345 2559 fuit
358 2527 589 2569 decapitatus:
605 2528 648 2560 de
661 2538 728 2571 quo
742 2533 833 2560 totus
845 2529 993 2570 populus
1005 2528 1073 2560 fuit
1086 2528 1188 2560 valde
1200 2533 1382 2560 contentus
1398 2533 1431 2559 et
1447 2527 1585 2571 gavisus
1601 2532 1742 2568 propter
1754 2526 1827 2570 ejus
1840 2527 2017 2559 demerita.

259 2579 567 2619 M-CCCCXXIII,
591 2581 648 2612 die
665 2590 747 2622 me
762 2581 856 2625 maji.
880 2600 922 2604 —
940 2581 1034 2614 Gens
1057 2580 1190 2614 domini
1214 2580 1314 2613 ducis
1329 2580 1600 2612 Mediolanensis
1616 2580 1759 2623 ingressi
1777 2580 1916 2612 fuerunt
1932 2580 2017 2612 civi-

107 2630 150 2665 50
173 2637 277 2666 tatem
300 2632 448 2666 Forlivii
472 2639 506 2666 et
529 2633 722 2666 habuerunt
746 2634 876 2667 dictam
900 2635 1077 2667 civitatem
1102 2644 1165 2676 pro
1190 2634 1329 2666 domino
1355 2634 1445 2678 duca
1467 2633 1658 2674 praedicto.

258 2686 312 2718 De
336 2686 434 2719 dicto
453 2697 578 2719 mense.
603 2697 644 2710 —‘—
668 2687 836 2719 Dominus
857 2687 990 2731 legatus
1013 2687 1108 2719 misit
1130 2692 1250 2731 gentes
1272 2696 1350 2718 suas
1373 2686 1419 2718 ad
1435 2696 1593 2727 campum
1609 2686 1654 2718 ad
1671 2685 1828 2718 Castrum
1847 2684 2017 2730 Bologne-

173 2739 260 2772 sium
287 2740 470 2772 comitatus
497 2740 635 2779 Imolae,
659 2740 696 2772 in
720 2749 788 2783 quo
812 2746 925 2773 castro
947 2746 1046 2773 erant
1070 2741 1229 2773 dominus
1251 2738 1425 2772 Antonius
1449 2739 1492 2771 de
1515 2737 1735 2783 Bentevoglis
1758 2739 1872 2783 legum
1896 2740 2020 2772 doctor

172 2798 207 2825 et
236 2792 403 2825 Hercules
425 2794 534 2826 frater
555 2804 644 2832 suus,
669 2793 729 2837 qui
753 2793 971 2836 occupabant
994 2794 1125 2827 dictum
1156 2798 1322 2831 castrum;
1346 2798 1381 2825 et
1404 2793 1441 2824 in
1473 2792 1579 2824 rocha
1608 2797 1682 2824 erat
1709 2792 1867 2825 dominus
1897 2792 2019 2825 Barto-

263 2916 276 2944 5
297 2912 452 2946 Bononiae]
471 2920 551 2945 segue
569 2912 738 2945 nelt'autogr.
757 2911 923 2938 raschiatura
941 2912 1022 2937 d’una
1041 2911 1111 2937 linea
1129 2920 1144 2936 e
1161 2919 1247 2936 mezzo
1266 2924 1299 2929 —
1319 2916 1351 2943 3²
1375 2909 1453 2944 1422]
1471 2917 1540 2935 corr.
1560 2918 1577 2934 a
1595 2913 1664 2935 torto
1682 2910 1852 2942 nell'mctogr.
1872 2910 1900 2934 in
1921 2915 1987 2943 1423

2090 1740 2169 1764 Mun„
2183 1740 2224 1761 229

2092 1958 2112 1973 c.
2127 1952 2169 1973 18⁶
2185 1959 2199 1972 a

2092 2595 2112 2611 c.
2127 2589 2169 2611 18⁶
2183 2589 2196 2610 b
