2242 3418
66 2700 144 2726 Mun„
159 2700 197 2720 180

259 155 308 192 66
799 152 1085 190 MATTHAEI
1113 154 1183 188 DE
1214 153 1564 189 GRIFFONIBUS
1821 160 2104 195 [AA.1:³⁶2-1364]

809 297 871 332 Ρο’
895 299 961 332 che
986 299 1126 331 fortuna
1148 301 1246 331 tanto

844 351 1079 386 crudelmente
1102 351 1146 384 de
1169 355 1259 384 sotto
1282 350 1355 384 m’a
1377 351 1516 391 rivolto,

843 409 996 449 pregote,
1019 409 1139 443 morte,
1162 404 1280 443 molto,

842 459 907 491 che
930 458 1016 501 puni
1039 459 1107 490 fine
1135 457 1168 490 al
1193 457 1353 490 doloroso
1383 458 1514 501 piant0.

350 561 481 594 Eodem
504 570 607 600 anno,
631 561 690 594 die
712 570 750 602 vJ
773 560 904 603 aprilis.
929 579 970 584 —
995 550 1088 593 Gens
1111 559 1244 592 domini
1266 560 1480 593 Bernabovis
1503 561 1572 594 fuit
1587 562 1750 595 conflicta
1773 574 1836 606 per
1849 568 1969 608 gentes
1984 566 2108 598 Eccle-
2153 566 2171 598 5

258 614 329 647 siae
351 614 464 647 eundo
488 624 605 646 versus
628 614 787 646 bastitam
811 614 855 646 de
879 613 1015 647 Solaria
1038 619 1073 646 et
1095 613 1195 646 multi
1211 623 1254 645 ex
1276 613 1326 646 eis
1342 614 1437 656 capti
1460 615 1617 653 fuerunt3
1633 620 1668 648 et
1684 617 1782 659 quasi
1799 617 1958 650 dominus
1979 619 2108 651 Berna-

258 667 321 700 bos
335 667 445 700 evasit
460 667 554 710 quod
569 677 639 700 non
655 667 724 700 fuit
739 671 878 709 captus3
894 672 929 699 et
944 667 1036 711 fugit
1054 666 1312 699 Crevalcorium
1328 672 1362 699 et
1378 667 1422 699 de
1437 667 1660 701 Crevalcorio
1676 669 1722 702 ad
1737 669 1895 703 Castrum
1911 670 2108 705 Franchum

259 726 294 753 et
316 725 435 762 postea
457 719 714 753 Lombardiam.

347 773 479 806 Eodem
502 783 604 806 anno.
630 791 671 797 —
694 773 863 806 Dominus
884 773 1036 817 Jacobus
1059 773 1103 806 de
1126 772 1281 807 Albertis
1303 773 1347 806 de
1370 773 1550 807 Florentia
1572 775 1642 808 fuit
1671 780 1823 819 potestas
1845 773 2023 811 Bononiae
2045 789 2109 822 pro

259 826 430 859 secundis.
1638 859 1641 862 ⁴
2137 833 2176 865 10

345 879 477 912 Eodem
500 889 602 913 anno.
627 899 669 903 —-
691 879 823 924 Magna
845 880 1037 913 mortalitas
1060 880 1129 913 fuit
1151 880 1188 912 in
1212 879 1372 913 Bononia
1402 885 1437 914 et
1467 881 1635 915 comitatu
1663 882 1842 916 Bononiae
1865 889 1899 916 et
1922 884 2061 917 duravit
2089 896 2112 918 a

258 943 374 965 mense
396 933 479 977 maji
502 944 609 976 usque
631 944 696 976 per
717 938 827 966 totum
850 944 1000 966 mensem
1023 933 1177 966 octobris
1184 946 1194 972 ;
1218 938 1253 966 et
1275 939 1358 966 tunc
1383 935 1531 968 decessit
1553 935 1741 969 Guidutius
1761 936 1917 970 Mathaei
1941 938 2113 971 Guidonis

260 986 305 1018 de
329 985 557 1026 Griffonibus,
581 987 639 1019 die
662 996 726 1028 xxj
749 986 962 1029 septembris,
978 991 1013 1019 et
1029 986 1182 1033 sepultus
1205 987 1274 1020 fuit
1296 987 1342 1020 ad
1366 987 1532 1020 Sanctum
1556 989 1792 1022 Franciscum.

347 1038 479 1072 Eodem
502 1049 605 1072 anno.
630 1059 671 1063 —
695 1040 777 1073 Fuit
801 1041 897 1073 facta
919 1045 954 1073 et
977 1039 1179 1083 pubblicata
1201 1051 1272 1083 pax
1295 1041 1387 1073 inter
1416 1050 1593 1074 romanam
1623 1042 1818 1076 Ecclesiam
1841 1050 1876 1077 et
1906 1054 1984 1077 suos
2013 1045 2114 1078 colli-

260 1096 359 1136 gatos
381 1098 416 1125 et
439 1092 571 1126 dictum
595 1093 772 1126 dominum
795 1093 1050 1132 Bernabovem3
1074 1098 1110 1126 et
1132 1093 1199 1126 hoc
1223 1094 1292 1126 fuit
1316 1094 1374 1126 die
1395 1104 1439 1135 11J
1461 1094 1588 1127 mensis
1610 1095 1738 1129 martii.
2139 1097 2177 1131 15

349 1146 481 1179 Eodem
505 1156 606 1179 anno.
624 1165 666 1169 —
682 1146 838 1179 Decessit
860 1146 1027 1180 Marchus
1050 1147 1095 1179 de
1118 1146 1347 1186 Griffonibus,
1370 1147 1461 1180 filius
1483 1148 1619 1180 Nannis
1635 1149 1756 1188 Guelfi,
1781 1150 1841 1193 qui
1865 1155 2038 1194 tamquam
2053 1151 2114 1184 de-

261 1199 375 1232 viatus
397 1205 585 1233 recesserat
599 1211 620 1233 a
635 1205 733 1243 patre
756 1205 791 1233 et
805 1200 919 1233 stabat
941 1200 979 1232 in
1003 1200 1147 1233 civitate
1160 1200 1330 1240 Mutinae,
1346 1200 1407 1233 ubi
1423 1201 1572 1234 decessit
1587 1207 1621 1234 et
1637 1203 1788 1245 sepultus
1804 1203 1872 1236 fuit
1886 1204 1933 1236 ad
1949 1204 2114 1238 Sanctum

262 1252 486 1285 Franciscum
509 1253 650 1286 indutus
671 1264 767 1286 more
789 1254 935 1286 fratrum
957 1253 1144 1286 Minorum.

353 1305 624 1339 M.CCCLXIII.
642 1326 684 1330 —
699 1307 868 1340 Dominus
889 1306 1088 1339 Anthonius
1104 1307 1147 1339 de
1163 1306 1316 1340 Civitate
1332 1307 1476 1341 Castelli
1498 1308 1568 1341 suit
1590 1309 1828 1352 vicepotestas.
1851 1310 2020 1344 Dominus
2041 1311 2116 1344 Ro-

232 1389 238 1396 .
263 1359 412 1392 dulfinus
442 1359 487 1392 de
515 1360 714 1404 Zaconibus
744 1360 788 1393 de
819 1360 949 1393 Sancto
979 1359 1142 1399 Miniato,
1173 1360 1333 1393 dominus
1364 1361 1511 1394 Guelfus
1541 1362 1585 1394 de
1616 1362 1837 1395 Ghirardinis
1867 1363 1911 1396 de
1938 1363 2116 1398 Florentia
2138 1366 2181 1397 20

265 1413 405 1445 fuerunt
428 1418 614 1455 potestates
635 1414 826 1446 Bononiae.

351 1465 485 1499 Eodem
507 1477 611 1506 anno,
634 1467 694 1499 die
716 1477 821 1508 xxv1J
836 1467 974 1510 aprelis.
994 1486 1034 1489 —
1051 1467 1185 1500 Bastita
1207 1468 1253 1500 de
1277 1467 1423 1507 Solaria,
1440 1479 1529 1512 quae
1553 1469 1734 1502 tenebatur
1757 1480 1820 1512 per
1842 1470 2018 1502 dominum
2033 1470 2117 1503 Ber-

265 1518 444 1559 nabovem‚
468 1519 537 1552 fuit
560 1520 718 1553 restituta
733 1520 874 1553 domino
890 1520 1084 1553 marchioni
1100 1520 1275 1559 Ferariae,
1299 1521 1343 1553 de
1366 1531 1436 1563 quo
1451 1522 1521 1554 fuit
1535 1532 1698 1566 magnum
1714 1523 1879 1566 gaudium
1895 1523 1933 1555 in
1947 1523 2116 1556 Bononia.

351 1572 483 1605 Eodem
510 1583 613 1606 anno.
637 1592 679 1596 —
703 1573 872 1606 Dominus
897 1573 1086 1613 Gomefius,
1102 1583 1211 1616 nepos
1228 1573 1361 1606 domini
1386 1574 1586 1614 cardinalis,
1611 1576 1670 1618 qui
1694 1581 1768 1608 erat
1792 1580 1907 1608 rector
1928 1576 2117 1615 Bononiae,

266 1626 407 1658 recessit
429 1626 474 1659 de
495 1626 654 1659 Bononia
677 1637 755 1659 cum
778 1637 904 1671 magno
927 1636 1044 1659 amore
1075 1626 1205 1659 civium
1236 1626 1499 1660 bononiensium
1523 1634 1558 1661 et
1588 1629 1666 1661 loco
1697 1629 1749 1661 sui
1777 1629 1911 1662 dimisit
1940 1629 2118 1662 dominum
2141 1628 2182 1662 25

265 1679 409 1711 fratrem
431 1679 624 1712 Daniellem
648 1680 692 1712 de
714 1680 974 1713 marchionibus
990 1680 1034 1713 de
1049 1680 1216 1713 Charetto
1239 1686 1274 1713 et
1298 1680 1397 1713 duxit
1413 1691 1527 1713 secum
1551 1686 1690 1724 captum
1715 1682 1892 1714 dominum
1915 1681 2118 1715 Adoardum

264 1732 308 1764 de
329 1731 458 1771 Asinio,
481 1733 556 1777 ejus
578 1733 759 1773 vicarium,
783 1733 845 1777 qui
867 1739 942 1766 erat
964 1734 1023 1766 hic
1047 1739 1245 1766 carceratus
1266 1744 1330 1776 pro
1353 1733 1424 1766 suis
1445 1734 1551 1778 gestis
1574 1734 1611 1766 in
1635 1735 1758 1767 officio.

354 1785 486 1818 Eodem
508 1795 611 1825 anno,
635 1786 679 1819 de
694 1795 810 1819 mense
825 1786 1032 1820 novembris.
1051 1805 1093 1809 —
1109 1786 1268 1820 Castrum
1282 1787 1397 1820 Butrii
1413 1787 1638 1820 fortificatum
1653 1793 1688 1820 et
1712 1788 1755 1820 de
1779 1798 1868 1821 novo
1885 1793 2118 1821 constructum

266 1837 345 1878 fuit,
367 1838 414 1871 ad
437 1839 531 1882 quod
553 1839 623 1872 fuit
644 1845 815 1883 superstes
838 1839 998 1873 dominus
1019 1839 1278 1873 Bartolomaeus
1302 1840 1346 1872 de
1368 1840 1595 1873 Cancelleriis
1618 1841 1662 1873 de
1685 1841 1828 1873 civitate
1850 1840 2005 1875 Pistor-ii.

353 1891 485 1924 Eodem
500 1902 603 1925 anno.
622 1911 663 1916 —
680 1892 872 1926 Conflictus
887 1893 956 1926 fuit
978 1893 1150 1926 exercitus
1173 1893 1306 1926 domini
1329 1893 1543 1926 Bernabovis
1559 1893 1787 1927 vicecomitis
1803 1900 1837 1927 et
1861 1894 2020 1927 dominus
2035 1893 2120 1927 Am-
2142 1895 2185 1928 30

266 1943 410 1983 brosius,
433 1946 508 1990 ejus
530 1945 620 1979 filius
642 1946 820 1986 naturalis,
844 1951 919 1979 erat
942 1946 1144 1989 capitaneus
1151 1958 1160 1985 3
1184 1951 1219 1978 et
1242 1946 1309 1979 hoc
1332 1946 1401 1979 suit
1425 1946 1581 1979 Solariae
1604 1946 1787 1979 comitatus
1803 1947 2016 1980 mutinensis.

355 1998 644 2032 M.CCCLX1111.
669 2017 711 2022 —
733 1998 903 2032 Dominus
926 1999 1072 2032 Guelfus
1102 1999 1146 2031 de
1176 1999 1399 2032 Ghirardinis
1421 1999 1465 2032 de
1488 1999 1667 2032 Florentia
1689 1999 1757 2032 fuit
1772 2004 1924 2042 potestas
1941 2000 2121 2034 Bononiae

266 2061 330 2095 pro
352 2052 474 2095 primis
497 2057 534 2085 et
556 2052 715 2085 dominus
737 2052 968 2097 Raymundus
989 2052 1034 2085 de
1056 2052 1255 2085 Tolomaeis
1279 2052 1323 2085 de
1347 2052 1448 2085 Senis
1469 2062 1534 2095 pro
1557 2053 1728 2085 secundis.

354 2105 486 2138 Eodem
510 2115 614 2139 anno.
638 2124 681 2129 —
703 2105 873 2139 Dominus
895 2106 1079 2149 episcopus
1100 2105 1280 2139 Bononiae
1303 2104 1512 2149 Aymericus
1535 2106 1605 2139 fuit
1627 2106 1671 2138 de
1694 2115 1785 2139 novo
1808 2107 1923 2139 factus
1945 2106 2121 2140 thesaura—

267 2157 339 2191 rius
359 2158 539 2192 Ecclesiae
561 2158 599 2191 in
621 2158 781 2192 omnibus
803 2159 905 2192 terris
928 2158 1060 2192 Italiae.
2143 2159 2185 2194 35

355 2211 487 2245 Eodem
509 2221 612 2245 anno.
635 2230 678 2235 -—
701 2211 859 2246 Decessit
881 2212 1025 2245 Nannes
1048 2212 1195 2245 Guelfus
1218 2212 1262 2245 de
1285 2211 1505 2246 Griffonibus
1527 2217 1563 2246 et
1585 2212 1737 2255 sepultus
1759 2212 1828 2246 tuit
1855 2213 1996 2247 indutus
2025 2223 2121 2247 more

267 2265 387 2298 fratris
407 2264 558 2299 Minoris
579 2266 626 2299 ad
648 2265 831 2299 ecclesiam
854 2266 1001 2298 flatrum
1025 2265 1203 2298 Minorum
1226 2266 1338 2299 sancti
1362 2266 1554 2299 Francisci.

354 2318 486 2352 Eodem
508 2328 611 2352 anno.
635 2337 678 2342 —-
700 2319 870 2352 Dominus
899 2318 1183 2362 archiepiscopus
1213 2319 1398 2359 Cretensis,
1429 2319 1589 2353 dominus
1612 2318 1819 2364 Aymericus
1849 2320 2033 2364 episcopus
2053 2320 2122 2354 Bo-

267 2372 393 2405 noniae
415 2377 450 2405 et
472 2372 701 2405 cancellarius
723 2372 815 2417 regis
836 2372 935 2415 Cipri
958 2378 1168 2415 acceperunt
1199 2378 1352 2406 tenutam
1383 2378 1574 2406 castrorum
1601 2373 1785 2406 comitatus
1814 2373 2003 2414 Bononiae,
2034 2384 2122 2417 quae

266 2425 472 2459 tenebantur
492 2436 556 2469 per
577 2426 755 2459 dominum
776 2425 1031 2465 Bernabovem;
1047 2431 1082 2459 et
1097 2426 1284 2469 capitanei,
1307 2427 1368 2469 qui
1392 2426 1529 2460 stabant
1551 2427 1588 2459 in
1604 2426 1690 2469 ipsis
1706 2426 1838 2466 castris,
1860 2427 2063 2471 juraverunt
2084 2428 2122 2460 in
2145 2428 2188 2460 40

267 2479 425 2513 manibus
447 2479 620 2513 dictorum
642 2479 757 2512 trium.
803 2479 850 2512 Et
871 2479 1155 2523 praeconicatum
1170 2480 1239 2512 fuit
1266 2480 1361 2523 quod
1376 2490 1494 2512 omnes
1509 2479 1640 2516 subditi
1656 2480 1835 2513 Ecclesiae
1851 2491 1887 2513 se
1910 2480 2123 2514 abstinerent

267 2543 290 2564 a
310 2542 435 2577 guerra
457 2537 493 2565 et
514 2532 639 2566 similis
660 2532 889 2575 proclamatio
912 2533 1008 2565 facta
1023 2532 1093 2566 fuit
1107 2532 1145 2564 in
1161 2532 1264 2565 terris
1279 2532 1413 2565 domini
1429 2533 1654 2566 Bernabovis.
1699 2532 1825 2565 Postea
1848 2532 1964 2566 dictus
1985 2533 2122 2566 thesau-

268 2585 379 2619 rarius
400 2586 547 2619 accessit
569 2586 615 2619 ad
637 2585 734 2618 dicta
756 2590 871 2618 castra
892 2591 928 2618 et
950 2585 1121 2619 satisfecit
1151 2585 1389 2628 stipendiariis
1420 2586 1553 2619 domini
1583 2585 1798 2619 Bernabovis
1828 2591 1863 2618 et
1885 2585 2034 2618 extraxit
2063 2595 2122 2618 eos

268 2639 362 2672 foras
384 2643 420 2672 et
440 2638 556 2682 posuit
578 2648 687 2672 novos
709 2638 869 2672 custodes
891 2638 929 2671 in
945 2638 1030 2681 ipsis
1045 2638 1168 2671 castris
1190 2649 1253 2681 pro
1276 2638 1446 2671 Ecclesia.
1492 2639 1539 2672 Et
1561 2638 1647 2671 haec
1663 2639 1803 2671 fuerunt
1819 2643 1942 2678 castra,
1958 2637 2123 2671 videlicet

270 2691 430 2724 Castrum
452 2690 670 2731 Franchum,'
693 2690 953 2725 Crevalcorium
975 2696 1011 2724 et
1032 2690 1252 2724 Plumatium.
2146 2690 2187 2724 45

359 2743 493 2777 Eodem
515 2754 608 2777 anno
629 2743 909 2784 MCCCLXIHI,
933 2744 991 2777 die
1013 2744 1095 2777 festi
1118 2749 1258 2777 sanctae
1280 2742 1451 2789 Agathae‚
1467 2754 1492 2777 v
1515 2745 1642 2778 mensis
1665 2744 1833 2777 februarii
1850 2744 1896 2785 (et
1919 2744 1988 2777 fuit
2010 2744 2124 2787 prima

267 2797 342 2830 dies
357 2797 675 2842 Quadragesimae).
689 2816 731 2822 --
746 2797 1031 2831 Revendissimus
1045 2802 1145 2840 pater
1156 2803 1191 2830 et
1203 2797 1373 2838 dominus,
1387 2798 1546 2831 dominus
1557 2797 1769 2842 Andruynus
1781 2797 1969 2830 cardinalis
1980 2797 2123 2831 Clunia-

361 2924 391 2944 12
411 2917 561 2951 Guidonis]
578 2919 671 2944 scritto
690 2927 720 2944 su
739 2919 907 2945 raschiatura
926 2934 959 2938 —
978 2925 1058 2952 30-31
1078 2919 1191 2945 Notizia
1209 2919 1343 2951 aggiunta
1355 2917 1406 2951 pin}
1425 2918 1501 2943 tardi
