2242 3418
107 2059 155 2077 υιι.,
172 2053 208 2072 1⁹2

106 2086 125 2101 c.
142 2084 185 2103 130
198 2080 210 2100 h

293 192 311 233 7
319 195 339 230 ὑ
822 186 1102 226 MATTHAEI
1130 187 1199 222 DE
1230 183 1577 222 GRIFFONIBUS
1843 188 1925 225 [ΛΑ.
1945 190 2132 226 1378-13801

290 320 523 353 cardinalibus
547 317 758 354 derelictum,
783 314 869 346 fecit
892 323 1025 353 xxva
1049 312 1244 344 cardinales
1267 310 1412 349 italicos,
1430 310 1521 341 inter
1544 319 1630 352 quos
1653 310 1740 343 fecit
1755 312 1931 346 dominum
1955 315 1984 347 F
1986 315 2132 358 ilippum

291 373 464 406 Caraffam
489 372 532 403 de
555 369 714 411 Neapoli,
738 367 798 411 qui
813 372 887 399 erat
909 365 1176 398 archidiaconus
1198 363 1389 401 Bononiae,
1412 367 1447 395 et
1463 362 1641 395 dominum
1657 362 1932 399 Bartolomaeum
1950 368 1993 400 de
2015 368 2134 412 Meca-

290 424 407 456 vachis
431 423 474 454 de
496 419 664 458 Bononia,
688 419 749 461 qui
772 422 845 449 erat
868 417 1051 459 episcopus
1073 414 1259 447 Rietensis.

376 475 505 507 Eodem
528 481 630 504 anno.
656 489 697 494 —-
720 469 896 502 Petrutius
919 469 962 501 de
986 467 1171 501 Bedoledis
1194 476 1309 499 comes
1333 466 1376 498 de
1400 466 1542 506 Panioe‚
1566 471 1601 498 et
1623 465 1808 508 Antonius,
1824 470 1898 514 ejus
1912 471 2032 511 frater,
2056 473 2132 505 fue-

288 534 366 561 runt
390 524 577 568 decapitati
601 523 638 555 in
661 523 786 565 platea,
811 527 925 554 tamen
950 521 985 552 in
1010 519 1157 552 diversis
1181 518 1327 551 vicibus.
2180 525 2197 558 5

376 579 505 611 Eodem
529 586 619 609 anno
642 573 982 612 M.CCCLXXVIII,
1007 573 1050 605 de
1073 582 1187 604 mense
1210 571 1298 614 julii.
1324 590 1365 594 —
1391 570 1546 604 Comune
1569 572 1748 605 Bononiae
1770 581 1902 608 armata
1929 587 2032 610 manu
2055 588 2134 610 cum

286 633 446 678 gentibus
476 630 546 662 suis
569 627 786 671 recuperavit
810 627 950 659 Turrim
974 626 1018 659 de
1042 625 1167 658 Canuli
1198 630 1233 657 et
1263 630 1413 657 castrum
1445 625 1558 664 Centi,
1590 636 1679 668 quae
1709 633 1808 660 erant
1839 629 1983 662 rebellia
2012 637 2134 664 contra

287 685 487 719 Bononiam.
533 682 578 715 Et
593 682 630 713 in
646 681 790 713 introitu
806 680 894 712 facti
917 680 1057 711 fuerunt
1073 678 1142 710 duo
1158 677 1284 709 milites
1307 677 1546 717 bononienses,
1571 678 1747 718 videlicet,
1772 680 1930 715 dominus
1952 682 2074 717 Petrus
2090 685 2134 716 de

289 738 450 771 Canitulo
473 737 586 779 legum
610 735 734 766 doctor
755 738 790 765 et
814 733 972 765 dominus
994 731 1163 764 Nicolaus
1184 730 1291 774 Lighi
1315 730 1504 773 campsoris
1528 731 1572 763 de
1595 730 1772 765 Lodoicis.

373 790 503 823 Eodem
527 797 628 826 anno,
652 786 696 818 de
720 786 815 818 dicto
838 794 952 817 mense
966 784 1054 828 julii.
1080 802 1121 806 —-
1144 782 1358 827 Aghinolfus
1382 784 1425 815 de
1447 783 1593 815 Dalfinis
1618 784 1767 818 decessit
1789 792 1824 819 et
1848 788 1988 832 reliquit
2012 789 2049 822 in
2072 800 2134 823 suo
2161 791 2200 824 10

284 848 485 878 testamento
509 840 603 884 quod
618 839 710 871 filiae
733 848 813 871 suae
837 847 906 870 non
929 842 1068 879 possent
1091 836 1209 879 aliquo
1233 836 1336 868 modo
1359 836 1516 868 maritari
1531 836 1649 876 alicui,
1667 838 1726 880 qui
1749 844 1837 872 esset
1859 841 1914 874 vel
1937 851 2010 875 esse
2033 852 2135 886 repu-

287 902 415 931 taretur
438 896 481 928 de
503 898 600 936 parte
623 891 945 928 Maltraversorum3
970 895 1004 922 et
1029 889 1162 922 dictum
1186 894 1427 922 testamentum
1450 889 1646 931 depositum
1669 896 1721 923 est
1743 891 1781 923 in
1804 894 1959 927 sacristia
1987 895 2133 929 fratrum

288 949 577 984 praedicatorum.

371 998 729 1035 M.CCCLXXVIIII.
755 1016 796 1020 —
819 996 988 1029 Dominus
1009 996 1185 1039 Johannes
1208 996 1251 1028 de
1274 997 1304 1029 F
1305 996 1450 1028 rattanis
1467 996 1510 1028 de
1527 996 1662 1029 Narnia
1678 998 1745 1030 fuit
1760 1004 1920 1041 potestas.
1966 1001 2134 1035 Dominus

284 1055 447 1090 Fantinus
471 1053 620 1096 Georgio
645 1051 687 1083 de
710 1050 869 1083 Venetiis
892 1055 926 1082 et
950 1050 1109 1082 dominus
1131 1049 1268 1082 Illarius
1298 1049 1342 1081 de
1375 1048 1613 1093 Sanguenacis
1641 1050 1685 1083 de
1715 1050 1836 1084 Padua
1866 1053 2007 1087 fuerunt
2029 1054 2134 1088 etiam
2161 1054 2198 1088 15

285 1113 468 1153 potestates
490 1104 678 1139 Bononiae.

371 1161 501 1195 Eodem
524 1168 627 1197 anno,
650 1157 707 1189 die
730 1166 794 1198 XVJ
816 1156 914 1200 junii.
939 1175 980 1179 —
1004 1156 1174 1190 Charolus
1198 1156 1241 1188 de
1264 1155 1363 1189 A....
1388 1156 1457 1188 fuit
1480 1156 1709 1199 decapitatus,
1737 1168 1779 1190 eo
1803 1159 1886 1202 quia
1908 1161 2044 1194 furatus
2065 1161 2134 1195 fuit

284 1216 419 1249 bursam
443 1223 521 1246 cum
544 1210 702 1254 pecuniis
723 1209 855 1253 Jacobo
878 1209 922 1242 de
945 1210 974 1242 F
975 1210 1061 1242 lesso
1086 1208 1274 1252 campsori3
1298 1214 1333 1241 et
1357 1209 1472 1242 dictus
1499 1210 1658 1243 dominus
1681 1212 1851 1245 Fantinus
1873 1219 2025 1256 potestas
2047 1215 2135 1248 fecit

286 1270 414 1303 dictam
438 1265 612 1310 justitiam.

372 1321 501 1353 Eodem
525 1327 627 1357 anno,
651 1317 708 1349 die
732 1326 836 1357 xxv1J
856 1316 955 1359 junii.
981 1335 1022 1339 —
1045 1316 1182 1349 Bitinus
1204 1316 1375 1355 Taronus,
1391 1316 1556 1360 magister
1578 1317 1787 1361 liguaminis,
1811 1320 1880 1352 fuit
1904 1320 2132 1364 decapitatus,
2156 1322 2200 1354 20

283 1386 324 1408 eo
340 1375 422 1418 quia
437 1371 503 1405 sibi
518 1370 707 1412 ascriptum
730 1369 799 1402 fuit
823 1370 916 1412 quod
931 1376 1005 1402 erat
1021 1370 1058 1401 in
1075 1370 1224 1412 quodam
1241 1375 1392 1402 tractatu
1408 1369 1452 1401 de
1468 1369 1617 1412 Pepolis.
1664 1371 1710 1403 Et
1733 1382 1771 1404 re
1794 1382 1876 1405 vera
1899 1374 1999 1416 quasi
2014 1383 2134 1407 omnes

284 1429 375 1461 cives
398 1425 622 1459 reddiderunt
637 1433 673 1455 se
689 1428 802 1455 certos
818 1423 912 1466 quod
927 1428 1054 1455 tortum
1071 1423 1138 1456 sibi
1162 1424 1293 1455 factum
1310 1423 1388 1455 fuit.
1434 1423 1480 1455 Et
1495 1423 1590 1455 dicta
1613 1424 1657 1456 de
1680 1435 1784 1458 causa
1799 1426 1904 1458 etiam
1927 1433 2051 1469 captus
2065 1427 2135 1460 fuit

282 1478 489 1513 Franciscus
511 1476 555 1508 de
577 1474 799 1518 Bentevoglis
821 1474 980 1507 becarius
1003 1480 1037 1506 et
1061 1485 1246 1517 numquam
1275 1475 1453 1506 confessus
1476 1474 1543 1506 fuit
1565 1475 1701 1518 aliquid
1723 1482 1758 1509 et
1782 1483 1935 1510 mortuus
1958 1478 2027 1511 fuit
2051 1489 2134 1522 pro-

283 1537 360 1574 pter
377 1532 586 1573 ,tormentum
602 1526 640 1558 in
662 1525 822 1558 manibus
837 1525 1017 1568 potestatis
1040 1530 1075 1557 et
1098 1525 1167 1558 fuit
1190 1530 1385 1568 reputatum
1408 1526 1594 1558 maximum
1618 1527 1755 1560 malum.

370 1578 729 1618 M.CCCLXXVHII,
746 1578 803 1610 die
818 1588 871 1620 VIJ
886 1579 1013 1611 mensis
1035 1578 1239 1611 decembris.
1258 1598 1298 1601 —
1316 1578 1559 1611 sanctissimus
1583 1579 1742 1612 dominus
1766 1587 1883 1615 noster
1905 1593 1998 1625 papa
2019 1583 2133 1616 Urba·
2156 1582 2198 1616 25

282 1648 345 1669 nus
360 1636 411 1669 VI
434 1634 530 1667 dedit
547 1632 686 1665 comuni
701 1637 735 1664 et
751 1632 880 1674 populo
903 1632 1083 1664 Bononiae
1107 1638 1215 1665 totum
1232 1632 1434 1664 comitatum
1451 1632 1579 1664 Imolae
1596 1644 1675 1665 cum
1691 1634 1849 1667 omnibus
1865 1636 2000 1675 castris,
2021 1636 2133 1675 terris,

282 1690 371 1724 villis
386 1694 420 1722 et
441 1686 573 1731 juribus
595 1685 748 1729 ejusdem
772 1695 850 1717 cum
874 1686 978 1728 pleno
1002 1685 1154 1718 dominio
1170 1691 1204 1717 et
1221 1686 1418 1718 omnimoda
1432 1685 1684 1729 jurisdictione.
1731 1687 1777 1720 Et
1791 1688 1838 1720 ad
1854 1689 2035 1731 praedicta
2050 1699 2134 1722 con-

282 1746 458 1776 senserunt
473 1749 590 1773 omnes
605 1738 730 1771 sindici
746 1738 898 1770 omnium
913 1738 1084 1771 dictarum
1100 1744 1279 1771 terrarum.
1328 1738 1373 1771 Et
1388 1739 1570 1782 praedicta
1593 1740 1710 1772 omnia
1724 1741 1813 1773 iecit
1829 1742 2135 1775 reverendissimus

284 1802 382 1839 pater
404 1793 559 1827 dominus
582 1791 767 1824 cardinalis
790 1791 972 1834 Philippus
995 1791 1137 1825 Caraffa
1161 1792 1204 1824 de
1228 1792 1388 1834 Neapoli,
1412 1793 1547 1836 legatus
1574 1792 1610 1824 in
1634 1794 1794 1826 Bononia
1817 1794 1936 1838 vigore
1959 1795 2134 1828 literarum

284 1848 549 1892 apostolicarum
572 1844 638 1877 sibi
659 1845 836 1877 missarum
859 1855 922 1887 per
945 1845 1075 1877 dictum
1099 1845 1277 1877 dominum
1307 1856 1445 1888 papam,
1470 1845 1529 1888 qui
1553 1846 1736 1888 praedicta
1766 1847 1854 1879 fecit
1868 1857 1985 1880 amore
2001 1848 2132 1881 domini
2155 1849 2199 1881 30

282 1901 446 1946 Johannis
469 1900 512 1932 de
533 1899 705 1943 Lignano‚
722 1897 940 1930 famosissimi
963 1898 1140 1941 utriusque
1163 1898 1247 1942 juris
1270 1898 1433 1938 doctoris,
1458 1899 1517 1942 qui
1541 1900 1663 1931 missus
1686 1900 1754 1932 fuit
1777 1900 1992 1934 ambaxiator
2015 1911 2133 1934 comu-

282 1956 336 1988 nis
349 1954 527 1987 Bononiae
548 1952 594 1984 ad
617 1951 747 1983 dictum
772 1951 947 1983 dominum
970 1957 1124 1984 nostrum
1148 1962 1273 1994 papam
1297 1952 1395 1984 dicta
1419 1952 1462 1984 de
1487 1962 1601 1985 causa.
1647 1953 1694 1985 Et
1717 1953 1761 1985 de
1783 1954 1971 1996 praedictis
1994 1960 2134 1999 rogatus

284 2009 350 2041 fuit
371 2006 575 2050 Peregrinus
598 2004 642 2037 de
664 2004 898 2037 Zambecariis
921 2005 1075 2036 notarius
1098 2005 1287 2038 Bononiae.

371 2058 662 2093 M.CCCLXXX.
680 2076 721 2080 -—
736 2057 905 2090 Dominus
927 2057 1122 2090 Bonifatius
1138 2058 1182 2090 de
1196 2058 1424 2098 Montefalco,
1442 2059 1601 2091 dominus
1617 2060 1826 2093 Franciscus
1843 2070 1958 2094 comes
1973 2061 2018 2094 de
2031 2060 2133 2094 Cam-

283 2115 385 2158 pello,
408 2117 603 2156 potestates.
2153 2112 2195 2146 35

370 2167 500 2200 Eodem
522 2175 625 2204 anno,
649 2165 705 2197 die
727 2174 792 2205 XXJ
814 2165 940 2197 martii.
965 2183 1007 2188 —-
1032 2163 1188 2197 Comune
1209 2165 1388 2198 Bononiae
1411 2166 1494 2198 emit
1517 2177 1538 2198 a
1569 2166 1649 2199 filiis
1680 2167 1813 2199 domini
1840 2167 1978 2200 Nicolai
2001 2168 2046 2201 de
2067 2167 2133 2200 Pe-

282 2221 369 2264 polis
391 2220 528 2253 domum
558 2228 667 2260 prope
697 2218 883 2250 ecclesiam
907 2224 1048 2251 sanctae
1074 2218 1208 2251 Mariae
1237 2225 1359 2261 portae
1389 2219 1592 2259 Ravenatis‚
1625 2230 1729 2253 causa
1760 2221 1908 2253 fatiendi
1937 2221 1986 2254 ibi
2015 2220 2133 2265 gabel-

281 2275 348 2307 lam
371 2283 523 2318 grossam
546 2271 804 2304 mercationum.
851 2271 896 2303 Et
926 2272 976 2304 sic
1008 2272 1140 2304 dictum
1163 2282 1309 2304 comune
1339 2273 1425 2305 fecit
1456 2273 1587 2306 destrui
1609 2273 1781 2317 gabellam
1806 2279 1956 2306 veterem
1987 2279 2022 2307 et
2048 2273 2134 2307 fecit

231 2355 234 2357 Α
283 2327 331 2359 ibi
354 2337 477 2359 novam
500 2325 537 2356 in
560 2324 726 2367 pulcriori
748 2325 871 2357 forma.

370 2377 661 2416 M.CCCLW,
678 2377 734 2409 die
748 2378 937 2419 pemntimo
953 2379 1098 2422 augusti.
1116 2398 1157 2402 —
1174 2379 1273 2412 Obiit
1288 2379 1537 2413 famosissimus
1554 2381 1677 2413 doctor
1692 2381 1817 2425 leg-um,
1841 2381 1998 2414 dominus
2020 2380 2133 2414 Anto-
2155 2381 2198 2413 40

283 2433 360 2465 nius
390 2431 433 2464 de
462 2430 666 2464 Presbiteris
689 2430 733 2462 de
754 2430 922 2470 Bononia,
945 2438 1046 2464 natus
1068 2432 1151 2465 olim
1176 2432 1286 2466 bonae
1310 2434 1496 2466 memoriae
1519 2434 1800 2467 excellentissimi
1823 2435 1937 2479 legum
1967 2433 2132 2474 doctoris,

284 2485 414 2518 domini
437 2484 605 2527 Johannis
627 2483 671 2516 de
693 2483 908 2517 Presbiteris.
1615 2509 1621 2513 .

370 2538 500 2570 Eodem
523 2546 625 2576 anno,
652 2536 696 2569 de
721 2546 837 2569 mense
859 2537 1023 2571 octobris.
1047 2557 1090 2562 —-
1112 2539 1271 2573 Castrum
1294 2539 1435 2584 Argelis
1458 2540 1527 2573 fuit
1551 2546 1787 2574 constructum
1810 2551 1874 2583 per
1896 2550 2042 2573 comune
2063 2539 2132 2573 Bo-

283 2591 407 2623 noniae
429 2596 464 2623 et
486 2590 721 2623 molendium
745 2589 796 2622 ibi
819 2601 938 2633 prope.

369 2643 499 2676 Eodem
521 2652 624 2683 anno,
647 2643 705 2676 die
726 2653 791 2685 xxJ
814 2644 1016 2685 decembris,
1041 2646 1085 2678 de
1108 2652 1221 2680 nocte.
1246 2665 1289 2671 —-
1314 2647 1408 2680 Gens
1431 2648 1588 2680 comunis
1610 2648 1789 2681 Bononiae
1812 2647 1982 2691 equitavit
2004 2646 2049 2679 ad
2073 2657 2131 2679 ca·
2154 2644 2195 2678 45

283 2702 390 2730 strum
412 2696 539 2736 Plebis,
563 2697 656 2740 quod
679 2702 752 2730 erat
774 2697 903 2731 rebelle
925 2699 1065 2731 comuni
1087 2699 1279 2740 Bononiae,
1304 2711 1409 2734 causa
1433 2701 1663 2744 recuperandi
1687 2701 1800 2744 ipsum
1824 2706 1985 2740 castrum,
2007 2709 2130 2733 secun-

369 2814 385 2842 7
403 2809 493 2842 erant]
509 2813 615 2843 autogr.
629 2812 689 2836 erat
702 2825 734 2830 —
750 2815 780 2842 17
801 2811 937 2836 Char-olus
947 2828 968 2836 ..
978 2829 984 2836 .
994 2828 1000 2836 .
1019 2810 1206 2844 decapitatus]
1226 2815 1313 2844 queste
1324 2814 1425 2844 parole
1442 2821 1503 2838 sono
1520 2815 1591 2838 state
1609 2814 1758 2844 raschiate5
1776 2821 1794 2837 a
1812 2812 1846 2837 de
1864 2820 1944 2844 segue
1962 2820 2014 2837 una
2026 2812 2129 2843 par-ola

283 2850 325 2875 che
342 2859 390 2876 non
407 2851 432 2875 εἰ
448 2852 528 2884 legg-e
547 2866 580 2870 —
599 2857 679 2884 25-33
698 2853 803 2887 Questa
822 2853 920 2877 notim'a
930 2853 969 2887 su
987 2854 1083 2878 scritta
1095 2852 1145 2886 pir)
1163 2855 1240 2879 tardi
1256 2855 1284 2879 in
1294 2855 1383 2889 fondo
1401 2856 1460 2880 alla
1473 2856 1581 2887 pagina
1599 2863 1649 2887 129
1667 2855 1682 2879 b
1702 2870 1733 2873 —
1748 2861 1828 2887 40-42
1843 2855 1948 2888 Questa
1960 2854 2059 2879 notizia
2074 2857 2130 2879 tro-

283 2893 346 2918 vasi
361 2893 389 2917 in
399 2893 486 2926 fondo
497 2894 555 2919 alla
563 2897 632 2927 pag.
645 2901 692 2927 13⁰
705 2903 730 2920 a.
750 2887 779 2919 E·
793 2896 922 2927 mpetum,
935 2904 953 2920 a
970 2903 1015 2920 suo
1033 2896 1124 2928 luogo,
1144 2905 1187 2922 ma
1206 2897 1398 2930 aggius-lapi&
1417 2899 1495 2924 tardi
1511 2908 1529 2924 a
1543 2902 1612 2931 pag.
1631 2906 1679 2930 130
1698 2898 1712 2922 b
1730 2906 1798 2924 come
1815 2906 1909 2931 segue:
1928 2898 2034 2923 Eodem
2052 2905 2128 2923 anno

286 2934 331 2961 die
349 2941 409 2961 xxx
426 2937 538 2968 augusti
549 2948 560 2955 -
574 2937 654 2963 Obiit
672 2938 804 2963 dominus
821 2938 966 2964 Antonius
984 2939 1019 2964 de
1037 2940 1207 2965 Presbiteris
1219 2941 1313 2973 legum
1332 2941 1433 2966 doctor
